2350 3822
613 624 704 680 XLV.

298 745 413 804 Acmen
431 743 600 822 Septimius,
621 763 690 803 suos
709 763 831 814 amores,

297 842 410 900 Tenens
426 842 459 899 in
478 841 589 918 gremio
611 840 699 899 ‘mea’
717 841 817 918 inquit
837 841 956 914 ‘Acme

297 938 342 996 Ni
361 945 391 997 te
409 939 522 1016 perdite
540 958 607 996 amo
625 944 713 1015 atque
731 957 829 996 amare
845 955 933 1013 porro

299 1035 408 1095 Omnes
425 1055 489 1093 sum
509 1033 624 1094 assidue
644 1040 765 1111 paratus
783 1053 876 1091 annos

299 1133 451 1204 Quantum
471 1131 524 1208 qui
543 1136 612 1208 pote
628 1130 789 1208 plurimum
809 1130 912 1206 perire,

300 1231 384 1288 Solus
401 1229 434 1286 in
450 1229 546 1304 Libya
566 1228 711 1304 Indiaque
731 1234 810 1286 tosta

301 1326 402 1384 Caesio
421 1325 539 1384 veniam
560 1325 665 1383 obvius
685 1323 782 1384 leoni'

299 1424 367 1482 Hoo
387 1429 422 1480 ut
442 1423 528 1495 dixit,
549 1423 646 1482 Amor
667 1423 795 1494 sinistra,
816 1428 948 1496 utente,

187 1514 190 1520 ’
299 1521 444 1578 Dextram
464 1521 594 1596 sternuit
612 1521 861 1598 approbationem.

297 1618 343 1676 At
363 1618 461 1676 Acme
481 1617 588 1675 leviter
609 1623 698 1694 eaput
717 1618 869 1674 reflectens

297 1715 339 1772 Et
357 1713 452 1772 duleis
471 1714 555 1790 pueri
574 1714 669 1772 ebrios
689 1714 794 1772 ocellos

298 1811 356 1868 Illo
376 1829 524 1888 purpureo
544 1829 594 1868 ore
617 1810 738 1881 saviata,

300 1907 381 1965 ‘Sic'
401 1906 501 1982 inquit
518 1912 599 1964 ‘mea
619 1906 691 1978 vita,
713 1905 885 1983 Septimille,

299 2005 382 2062 Huio
402 2005 456 2062 uni
477 2004 595 2062 domino
615 2022 708 2079 usque
729 2004 899 2078 serviamus,

298 2100 346 2161 Ut
364 2100 461 2158 multo
480 2100 555 2157 mihi
575 2100 668 2176 major
688 2100 839 2175 aoiiorque

298 2197 382 2274 Ignis
402 2197 540 2254 mollibus
560 2197 645 2254 ardet
664 2196 696 2253 in
717 2196 871 2256 medullis)

298 2293 363 2353 Hoo
387 2300 421 2351 ut
445 2293 530 2364 dixit,
557 2292 653 2350 Amor
676 2292 801 2364 sinistra,
827 2298 863 2350 ut
885 2298 954 2350 anto

298 2393 443 2449 Dextram
463 2389 592 2447 sternuit
611 2389 858 2465 approbationem

299 2488 389 2546 Nune
409 2487 446 2544 ab
466 2486 595 2562 auspicio
616 2485 693 2543 bono
713 2486 837 2562 profecti

298 2583 415 2642 Mutuis
435 2583 541 2640 animis
562 2589 662 2641 amant
686 2590 832 2642 amantur.

298 2682 401 2740 Unam
423 2680 583 2756 Septimius
604 2679 735 2738 misellus
754 2681 869 2738 Acmen

297 2776 417 2836 Mavult
437 2796 525 2853 quam
547 2777 647 2852 Syrias
667 2777 896 2854 Britanniasque
906 2796 919 2852 3

298 2876 370 2934 Uno
389 2873 422 2930 in
444 2874 586 2951 Septimio
606 2873 701 2931 fidelis
721 2874 817 2931 Aome

298 2971 383 3030 Facit
402 2970 519 3029 delicias
539 2970 742 3047 libidinesque.

299 3068 374 3137 Quis
393 3066 469 3124 ullos
489 3067 623 3124 homines
643 3067 787 3125 beatiores

298 3164 394 3237 Vidit,
409 3164 475 3240 quis
496 3163 645 3221 Venerem
665 3163 913 3240 auspicatiorem'l

1097 1131 1113 1186 5
