2350 3822
412 327 642 390 OATULLUS.
940 325 976 384 25
1044 347 1046 352 ·
1067 351 1069 356 ·

164 515 282 574 Clarum
303 514 341 572 ab
360 531 467 571 oceano
488 511 566 568 diem

363 609 483 666 Viderit
502 607 678 666 venientem
854 605 892 663 90
914 605 976 683 (86)

163 709 242 768 Talis
261 709 295 767 in
310 707 394 765 vario
414 706 490 764 solea

164 805 276 864 Divitis
294 803 406 863 domini
422 801 540 860 hortulo

167 903 251 962 Stare
269 903 322 960 flos
341 885 559 978 hyacinthinus.

166 999 223 1059 sed
243 999 373 1064 moraris.
426 998 504 1055 Abia
524 997 593 1054 dien

363 1095 493 1154 Prodene
510 1113 586 1151 nova
604 1103 705 1168 nupta.
857 1096 894 1154 95
917 1095 978 1174 (91)

165 1193 294 1252 Prodeee
314 1212 391 1250 nova
407 1197 510 1268 nupta,
530 1190 556 1248 ei

165 1291 187 1350 J
188 1311 236 1348 am
254 1291 382 1362 videtur,
403 1295 434 1347 et
458 1289 561 1346 audias

167 1387 278 1445 Nostra
300 1387 397 1444 verba
453 1385 532 1443 Vide
552 1391 587 1442 ut
604 1384 682 1442 faces

166 1484 283 1542 Aureae
300 1484 440 1560 quatiunt
455 1501 558 1540 eomas„
588 1505 589 1510 ¹

366 1579 494 1638 Prodeas
512 1599 589 1636 nova
607 1586 707 1656 nupta.
838 1581 894 1640 100
917 1581 979 1662 (95)

166 1670 282 1743 Tollite,
305 1689 323 1727 o
347 1669 440 1746 pueri,
466 1668 550 1726 facee.

166 1767 348 1824 Flammeum
372 1767 459 1824 video
480 1765 588 1823 venire.

168 1864 223 1937 lte,
248 1863 393 1921 concinite
417 1862 449 1918 in
472 1862 592 1919 medum

169 1959 220 2019 ‘Io
244 1960 366 2036 Hymen
390 1959 562 2034 Hymenaee
583 1959 622 2030 ie,

366 2055 402 2112 Io
426 2055 548 2131 Hymen
573 2053 762 2130 Hymenaee'
816 2052 872 2112 125
895 2052 978 2132 (118)

170 2152 217 2209 En
237 2151 294 2210 tibi
316 2151 421 2209 domus
445 2157 480 2206 ut
502 2154 608 2225 poiens

168 2249 209 2306 Ee
231 2248 318 2306 beata
340 2245 472 2304 viriani

168 2346 250 2417 Quae
273 2345 330 2403 tibi
350 2344 414 2401 eine
434 2343 553 2414 serviat,

168 2443 204 2501 Io
228 2443 351 2518 Hymen
375 2441 547 2517 Hymenaee
568 2439 606 2512 io,

367 2537 403 2595 Io
423 2537 545 2612 Hymen
565 2536 746 2611 Hymenaee,
817 2537 873 2596 160
896 2538 978 2616 (153)

170 2637 273 2714 Usque
294 2637 365 2695 dum
388 2633 547 2692 tremulum
568 2653 690 2692 movens

169 2733 251 2792 (iana
270 2741 386 2810 tempus
410 2729 528 2788 anilitas

170 2830 278 2890 Omnia
295 2830 430 2888 omnibus
450 2831 571 2886 annuat.

168 2929 205 2987 Io
226 2928 348 3004 Hymen
372 2928 544 3002 Hymenaee
563 2926 601 2999 io,

369 3024 405 3082 Io
426 3025 548 3100 Hymen
569 3024 749 3100 Hymenaee.
779 3028 780 3034 ’
818 3025 874 3084 165
897 3025 979 3102 (158)

169 3122 307 3180 Transfer
327 3121 423 3180 omine
447 3142 512 3180 cum
536 3122 613 3186 beno

169 3219 275 3278 Limen
293 3219 425 3278 aureolos
447 3219 542 3296 pedes,

169 3317 358 3394 Rasilemque
379 3317 446 3375 subi
468 3317 567 3374 forem.
