2380 3824
424 333 654 394 OATULLUS.
811 335 815 342 ’
949 339 988 397 49

486 559 594 616 LXVI.

93 699 201 761 Omnia
223 701 276 780 qui
299 702 400 781 magni
423 705 553 782 dispexit
576 705 690 763 lumina
716 705 828 778 mundi,

133 802 193 872 Qui
217 802 369 861 stellarum
392 809 476 862 ortus
500 804 642 880 comperit
666 811 756 880 atque
780 804 886 876 obitus
952 833 955 841 ·

93 898 261 958 Flummeus
287 907 323 958 ut
348 901 445 978 rapidi
471 901 541 960 solis
568 891 648 958 nitor
675 900 854 976 obscuretur,

133 996 180 1054 Ut
204 997 308 1055 cedant
331 997 419 1056 certis
443 997 540 1056 sidera
560 997 750 1073 temporibus,

94 1092 143 1152 Ut
168 1093 301 1152 Triviam
328 1093 433 1172 furtim
456 1096 510 1153 sub
535 1095 653 1168 Latmia
680 1113 751 1152 sexa
777 1093 909 1171 relegans
969 1095 986 1150 5

133 1189 238 1249 Dulcis
262 1209 345 1249 amor
365 1211 438 1268 gyro
462 1192 583 1261 devocet
604 1211 695 1263 aereo,
993 1202 996 1210 '

91 1287 176 1344 Idem
202 1307 250 1346 me
271 1288 322 1346 ille
343 1287 445 1347 Conon
466 1289 584 1347 caelesti
607 1287 729 1346 numine
752 1286 829 1344 vidit

108 1383 159 1440 'E
183 1384 341 1443 Bereniceo
367 1386 478 1443 vertice
503 1385 659 1444 caesariem

93 1480 269 1556 Fulgentem
296 1482 380 1554 clare,
406 1501 494 1558 quom
518 1483 621 1540 multis
644 1482 697 1540 illa
724 1482 844 1539 dearum

132 1577 225 1636 Levia
251 1580 429 1654 protendens
455 1578 575 1638 brachia
600 1575 734 1657 pollicita
759 1584 812 1650 est,
950 1579 988 1636 10

91 1673 158 1744 Qua
182 1693 235 1732 rex
262 1681 436 1751 tempestate
461 1695 538 1735 noro
561 1683 665 1734 auctus
686 1676 847 1752 hymenaeo

131 1770 292 1828 Veste-tum
318 1773 392 1831 fines
417 1773 514 1831 iverat
539 1773 687 1849 Assyrios,

92 1867 200 1925 Dulcia
223 1874 383 1926 nocturnae
404 1876 525 1945 portans
547 1868 673 1945 vestigia
695 1868 777 1926 rixae

133 1965 229 2036 Quam
253 1966 289 2024 de
311 1967 452 2043 virgineis
471 1973 599 2042 gesserat
620 1966 743 2024 exuviis.

92 2061 186 2120 Estne
207 2062 292 2120 novis
316 2063 419 2138 nuptis
443 2063 509 2121 odio
530 2063 643 2133 Venus,
665 2044 753 2138 atque
777 2063 985 2139 parentum15

131 2157 328 2216 Frustrantur
347 2159 430 2217 falsis
449 2159 557 2236 gaudia
577 2159 744 2229 lacrimulis,

93 2254 235 2313 Ubertim
255 2254 379 2314 thalami
398 2263 482 2332 quas'
495 2256 576 2313 intra
599 2255 703 2312 limina
722 2255 867 2313 fundunti

131 2351 164 2408 N
165 2351 289 2435 on-ita
308 2371 355 2410 me
376 2352 549 2410 divi-vera
568 2353 846 2429 gemunt-juerint

91 2447 128 2506 Id
153 2467 218 2505 men
241 2467 288 2508 me
307 2450 410 2507 multis
430 2449 530 2508 docuit
548 2449 649 2524 regina
672 2448 817 2524 querellis,

130 2543 285 2603 invisente
309 2565 386 2603 novo
410 2546 520 2622 praelia
543 2553 629 2604 torva
651 2545 723 2603 viro.
946 2545 985 2602 20

89 2645 136 2700 At
155 2649 191 2698 tu
218 2661 279 2704 non
305 2643 408 2699 orbum
433 2642 510 2700 luxti
533 2642 773 2713 deserta'cubile,
884 2676 888 2685 ·

130 2738 189 2796 Sed
213 2737 314 2796 fratris
337 2739 398 2797 cari
420 2739 517 2798 flebile
541 2739 704 2812 discidium,

88 2836 167 2894 Cum
190 2835 310 2910 penitus
333 2841 458 2894 maestas
482 2836 581 2894 exedit
604 2855 674 2894 cura
696 2835 857 2894 medullasl

130 2933 179 2992 Ut
204 2931 261 2990 tibi
283 2940 355 2990 tunc
378 2939 442 2992 toto
466 2939 581 3009 pectore
603 2933 745 2992 sollicitae

89 3031 232 3089 Sensibus
255 3028 362 3106 ereptis
385 3048 467 3087 mens
491 3029 620 3088 excidit!
650 3035 682 3088 at
703 3036 733 3087 te
753 3048 806 3107 ego
826 3036 904 3090 certe
945 3031 983 3090 25

131 3127 296 3203 Oognoram
315 3146 334 3182 a
353 3145 445 3202 parva
467 3126 581 3202 virgine
604 3126 829 3203 magnanimum.

88 3225 181 3282 Anne
199 3225 309 3281 bonum
329 3223 420 3280 oblita
434 3241 465 3281 es
484 3222 605 3292 facinus,
627 3242 685 3299 quo
702 3224 816 3300 regium
829 3223 932 3302 adepta
953 3245 985 3282 cs

131 3319 319 3398 Oonjugium,
345 3320 423 3396 quod
446 3338 506 3377 non
529 3319 633 3377 fortior
656 3319 735 3378 ausit
756 3320 832 3378 alisi

529 3436 549 3476 n
