2350 3822
192 314 227 372 44
378 380 383 388 ,
524 311 752 374 caremus.

190 495 261 553 Non
283 493 346 554 sine
367 494 489 553 nutanti
511 494 631 584 platano
654 494 792 570 lentaque
814 513 912 554 sorore

192 591 350 650 Flammeti
372 591 570 649 Phaethontis
593 596 624 648 et
645 609 728 647 aerea
756 609 903 666 cupressu.

191 688 274 746 Haec
297 688 405 746 circum
430 688 511 746 sedes
533 687 592 744 late
614 692 753 744 contexta
775 687 891 759 locavit,

147 795 148 798 ’
190 784 383 843 Vestibulum
405 791 440 842 ut
461 783 545 842 molli
567 783 701 840 velatum
722 783 826 840 fronde
847 785 964 842 vireret.

191 882 263 940 Post
276 881 355 940 hunc
369 881 557 957 consequitur
571 880 684 937 sollerti
696 880 783 938 corde
796 879 998 953 Prometheus,
1027 880 1087 942 -295
1158 879 1159 882 ’

190 977 359 1037 Extenuata
378 997 482 1055 gerens
502 977 612 1034 veteris
631 975 757 1052 vestigia
780 996 898 1053 poenae,

191 1075 287 1146 Quam
309 1075 457 1151 quondam
479 1073 556 1132 silici
577 1073 731 1130 restrictus
752 1075 884 1132 membra
905 1080 1008 1132 catena

191 1165 346 1230 Persolvit¹
359 1172 490 1248 pendens
511 1190 527 1228 e
550 1170 709 1228 verticibus
730 1170 904 1247 praeruptis.
970 1199 972 1210 =

191 1267 265 1325 Inde
288 1274 371 1345 pater
394 1268 497 1324 divum
519 1273 621 1324 sancta
644 1286 710 1323 curn
733 1266 856 1342 conjuge
877 1266 1013 1344 natisque

190 1364 325 1422 Advenit
349 1365 436 1436 caelo,
464 1371 493 1422 te
515 1363 618 1435 solum,
644 1361 770 1434 Phoebe,
793 1363 963 1440 relinquens
1028 1364 1087 1422 300
1158 1419 1159 1442 1

192 1461 419 1539 Unigenamque
440 1461 530 1519 simul
554 1459 704 1519 cultricem
725 1459 877 1518 montibus
899 1460 982 1520 Idri:

190 1558 279 1616 Pelea
298 1579 368 1616 nam
392 1564 490 1616 tecum
512 1558 624 1634 pariter
644 1575 726 1614 soror
747 1562 903 1633 aspernata
923 1563 975 1629 cst,

190 1655 254 1714 Nec
275 1655 409 1713 Thetidis
433 1654 533 1712 taedas
557 1653 653 1711 voluit
676 1653 822 1711 celebrare
841 1653 963 1730 jugales

230 1752 290 1823 Qui
312 1759 468 1829 postquam
493 1751 588 1808 niveis
611 1751 760 1808 flexerunt
783 1750 900 1808 sedibus
924 1755 1014 1823 artus,

190 1849 283 1925 large
308 1847 464 1924 multiplici
488 1836 672 1906 constructae
694 1852 763 1904 sunt
784 1845 858 1923 dape
879 1867 1004 1920 mensae,
1028 1847 1085 1906 305
1157 1889 1158 1898 η

192 1945 268 2003 Cum
287 1945 401 2002 interea
421 1945 539 2003 infirmo
559 1944 726 2020 quatientes
746 1963 867 2020 corpora
886 1950 970 2002 motu

190 2041 342 2102 Veridioos
367 2041 475 2100 Parcae
502 2047 660 2117 coeperunt
683 2041 768 2098 edere
792 2046 904 2098 cantus.

190 2140 250 2198 His
273 2159 376 2216 corpus
400 2139 562 2197 tremulum
586 2138 780 2214 complectens
805 2137 936 2215 undique
961 2139 1055 2199 vestis
1157 2207 1158 2212 ἵ

190 2236 321 2294 Candida
344 2255 493 2313 purpurea
516 2234 592 2292 talos
615 2234 782 2292 incinxerat
805 2254 864 2306 ora,

193 2333 236 2391 At
259 2353 344 2419 resep
366 2333 470 2416 niveae
494 2333 663 2390 residebant
685 2331 796 2389 vertice
820 2331 924 2404 vittae,
1027 2333 1087 2393 310

191 2417 411 2506 Aeternumque
436 2448 541 2486 manus
564 2428 723 2504 carpebant
746 2427 803 2486 rite
826 2428 964 2488 laborem.

190 2527 287 2585 Laeva
309 2527 406 2586 colum
429 2525 512 2583 molli
535 2526 604 2582 lana
627 2524 774 2582 retinebat
798 2525 947 2599 amictum,

189 2625 321 2682 Dextera
345 2630 411 2681 tum
435 2623 542 2680 leviter
565 2622 710 2679 deducens
734 2621 785 2678 fila
812 2621 926 2698 supinis

188 2720 347 2780 Formabat
373 2720 483 2798 digitis,
508 2726 573 2776 tum
600 2738 693 2796 prono
716 2719 749 2775 in
772 2718 878 2795 pollice
901 2725 1044 2796 torquens

188 2819 344 2876 Libratum
367 2816 456 2876 tereti
480 2816 617 2874 versabat
640 2815 760 2874 turbine
783 2815 882 2874 fusum
892 2836 901 2889 3
1025 2816 1084 2875 315

188 2916 290 2992 Atque
314 2915 357 2972 ita
381 2913 538 2989 decerpens
562 2913 708 2989 aequabat
732 2932 846 2988 semper
869 2931 942 2988 opus
968 2912 1050 2985 dens,

188 3011 342 3088 Laneaqne
366 3010 489 3069 aridulis
513 3011 673 3068 haerebant
697 3029 794 3068 morsa
818 3009 932 3068 labellis

188 3109 270 3178 Quae
293 3107 375 3184 prius
400 3108 432 3164 in
456 3108 515 3166 levi
537 3107 655 3165 fuerant
674 3105 823 3164 exstantia
842 3104 902 3166 filo.

188 3204 268 3264 Ante
292 3205 380 3282 pedes
403 3211 503 3262 autem
525 3203 677 3262 candentis
700 3202 801 3260 mollia
824 3202 910 3260 lanae

189 3303 309 3362 Vellera
331 3303 441 3381 virgati
464 3302 651 3361 custodibant
678 3299 837 3358 calathisci.
1026 3299 1087 3360 320
