2350 3822
423 329 652 389 OATULLUS.

171 511 276 588 Neque
299 508 390 568 ullius
411 509 544 568 natantis
567 511 712 588 impetum
735 511 829 570 trabis

172 607 317 685 Nequisse
334 607 506 684 praeterire,
531 609 594 666 sive
617 608 756 685 palmulis

172 705 255 783 Opus
276 703 353 763 foret
374 704 474 762 volare
499 704 562 762 sive
585 704 685 762 linteo.

171 802 213 860 Et
236 801 290 860 hoc
313 807 403 877 negat
426 800 549 859 minaeis
571 801 721 860 Adriatici

171 901 289 976 Negare
312 899 384 957 litus
406 899 555 958 insulasve
580 899 722 976 Cycladas

171 997 369 1073 Rhodumque
392 997 521 1054 nobilem
543 996 750 1074 horridamque
773 998 927 1056 Thraciam

171 1094 362 1171 Propontida,
389 1100 540 1152 trucemve
561 1084 719 1152 Ponticum
742 1095 848 1169 sinum,

170 1192 236 1252 Ubi
253 1191 310 1250 iste
333 1197 401 1268 post
420 1190 557 1267 phaselus
579 1196 667 1249 antea
685 1191 744 1249 fuit
929 1189 931 1194 ’
951 1192 987 1252 10

171 1289 294 1349 Comata
317 1287 413 1346 silva:
443 1307 512 1345 nam
538 1287 659 1364 Cytorio
682 1287 715 1345 in
734 1289 820 1366 jugo,

171 1386 324 1463 Loquente
347 1403 433 1460 saepe
457 1384 578 1443 sibilum
603 1384 697 1442 edidit
720 1389 818 1444 ooma'

171 1482 306 1541 Amastri
329 1480 455 1540 Pontica
478 1487 509 1539 et
533 1481 642 1557 Cytore
666 1482 785 1539 buxifer

171 1579 237 1637 Tibi
259 1579 331 1637 haec
353 1578 443 1636 fuisse
467 1583 498 1635 et
521 1597 583 1636 esse
610 1579 808 1655 cognitissima

171 1677 229 1734 Ait
247 1675 403 1754 phaselus:
424 1673 530 1732 ultima
553 1695 592 1732 ex
616 1676 730 1752 origine
951 1677 986 1736 15

171 1773 234 1832 Tuo
254 1773 370 1832 stetisse
390 1771 463 1830 dicit
481 1771 514 1828 in
534 1771 693 1844 cacumine,

170 1869 234 1929 Tuo
254 1868 395 1928 imbuisse
418 1868 563 1946 palmulas
586 1868 620 1926 in
643 1889 775 1946 aequore,

170 1967 212 2025 Et
231 1967 301 2024 inde
321 1971 367 2024 tot
387 1985 440 2044 per
460 1966 636 2043 impotentia
657 1966 734 2025 freta

171 2064 265 2122 Erum
288 2064 400 2135 tulisse,
425 2063 511 2120 laeva
533 2063 597 2121 sive
618 2064 741 2122 dextera

170 2162 299 2221 Vocaret
322 2180 403 2234 aura,
428 2161 491 2220 sive
515 2166 674 2237 utrumque
696 2162 848 2239 Juppiterz
949 2165 986 2222 20

170 2259 266 2319 Simul
288 2258 433 2316 secundus
455 2256 607 2316 incidisset
628 2258 661 2316 in
685 2260 787 2336 pedem
797 2281 807 2335 3

169 2357 276 2433 Neque
302 2356 365 2414 ulla
387 2360 458 2414 vota
480 2355 648 2414 litoralibus
671 2357 733 2415 deis

170 2454 234 2512 Sibi
252 2472 314 2511 esse
337 2451 423 2526 facta,
449 2471 517 2511 cum
541 2453 658 2511 veniret
681 2473 699 2512 a
722 2455 798 2513 meri

169 2550 339 2609 Novissime
362 2550 441 2608 hunc
465 2549 503 2607 ud
525 2569 618 2627 usque
641 2550 804 2628 limpidum·
820 2553 924 2614 lacum.

170 2647 229 2707 Sed
251 2647 322 2705 haec
345 2647 428 2723 prius
451 2646 550 2706 fuere:
584 2666 664 2706 nunc
687 2650 838 2709 recondita
949 2652 987 2710 25

170 2746 261 2805 Senot
278 2723 382 2822 ‘quiete
406 2762 494 2820 seque
518 2744 634 2803 dedicat
657 2745 714 2803 tibi

171 2842 302 2902 Gemelle
325 2840 429 2899 Castor
453 2847 482 2900 et
505 2842 628 2918 gemelle
652 2841 789 2906 (laetor-is.

518 3028 556 3086 V.

170 3149 319 3208 Vivamus
338 3168 404 3208 mea
424 3149 530 3208 Lesbia
550 3155 638 3226 atque
658 3171 797 3226 amemus,

172 3247 376 3324 Rumoresque
396 3266 498 3305 senum
519 3248 696 3308 severiorum

172 3345 283 3405 Omnes
302 3345 391 3403 unius
413 3345 600 3404 aestimemus
624 3348 703 3405 essia
921 3315 930 3348 ⁵
