2350 3822
221 324 259 383 20

552 323 780 385 OATULLUS.

580 531 678 588 'Iu

299 651 454 726 Hesterno,
476 652 580 727 Licini,
602 653 650 713 die
669 655 758 713 otiosi

298 750 432 808 Multum
451 751 575 810 lusimus
595 751 627 808 in
646 751 720 808 meis
746 751 870 822 tabellis,

300 846 346 905 Ut
365 854 541 905 convenerat
561 866 623 905 esse
643 846 789 905 delicatos.

300 943 435 1002 Scribens
455 944 613 1002 versiculos
634 949 758 1020 uterque
778 950 913 1003 nostrum

299 1040 432 1098 Ludebat
452 1060 574 1098 numero
594 1041 680 1098 modo
700 1041 754 1098 hoc
774 1040 860 1099 modo
879 1040 948 1099 11100
1096 1043 1110 1099 5

298 1137 437 1195 Reddens
457 1144 561 1196 mutue
580 1157 633 1214 per
648 1139 748 1214 jocum
769 1145 858 1215 etque
877 1137 990 1196 vinum

298 1233 400 1310 Atque
419 1234 502 1291 illinc
522 1233 582 1292 abii
601 1241 654 1292 tuo
674 1235 772 1310 lepore

300 1330 449 1402 Incensus,
471 1331 575 1404 Licini,
598 1331 776 1407 facetiisque,

298 1426 346 1485 Ut
365 1446 418 1484 nec
438 1445 485 1484 me
505 1428 644 1485 miserum
665 1428 747 1486 cibus
763 1428 883 1503 juvaret

298 1523 362 1582 Nee
381 1542 500 1582 somnus
519 1530 631 1601 tegeret
651 1525 749 1601 quiete
769 1524 882 1597 ocellos,
1078 1526 1113 1584 10

298 1619 355 1678 Sed
375 1626 448 1694 1010,
468 1621 629 1679 indomitus
649 1621 755 1693 furore,
776 1620 851 1679 lecto

297 1718 440 1776 Verssrer
459 1717 579 1795 cupiens
600 1718 699 1776 videre
719 1719 822 1789 lucem,

298 1815 345 1876 Ut
365 1822 462 1874 tecum
481 1815 616 1892 loquerer
637 1816 784 1893 simulque
803 1820 839 1872 ut
858 1832 957 1872 essem.

297 1913 343 1970 At
362 1912 474 1971 defessa
494 1913 592 1971 labore
613 1913 743 1971 membra
763 1918 917 1989 postquem

298 2011 493 2070 semimortua
512 2003 620 2068 lectulo
637 2011 781 2086 jacebant,
1079 2010 1112 2068 15

297 2109 373 2181 Hoc,
389 2109 529 2185 jucunde,
551 2107 609 2166 tibi
628 2128 731 2185 poema
751 2109 816 2180 soci,

298 2207 345 2264 Ex
365 2226 423 2283 quo
442 2206 619 2284 perspiceres
638 2225 737 2264 meum
758 2206 893 2264 dolorem.

297 2303 385 2362 Nunc
405 2304 502 2362 audax
522 2289 591 2362 cave
611 2303 659 2376 sis,
681 2322 835 2380 precesque
855 2307 979 2375 nostras,

298 2399 431 2473 Oramus,
453 2419 523 2458 cave
543 2401 676 2476 despuas,
698 2400 795 2472 ocelle,

297 2496 345 2554 Ne
365 2516 473 2573 poenas
493 2496 628 2555 Nemesis
648 2501 780 2573 reposcat
799 2514 817 2552 a
836 2500 874 2553 10.
1078 2498 1115 2555 20

297 2592 352 2651 Est
365 2599 490 2652 'vemens
510 2592 565 2650 dee
577 2613 583 2651 :
595 2663 597 2670 Ι
611 2593 723 2651 laedere
742 2591 818 2658 hene
838 2597 947 2652 caveto.

639 2721 686 2775 LI.

296 2845 354 2903 Ille
372 2843 415 2901 mi
435 2863 488 2920 par
507 2862 570 2902 esse
590 2842 644 2900 deo
665 2841 790 2913 videtur,

297 2941 363 3015 Ille,
385 2939 411 2998 si
431 2939 475 2998 fas
495 2945 548 3012 est,
570 2959 707 3016 superare
727 2938 818 3011 divos,

298 3036 359 3108 Qui
379 3037 482 3096 sedens
502 3036 642 3094 adversus
662 3034 824 3092 identidem
843 3040 875 3094 te

457 3133 578 3210 Spectat
597 3139 627 3190 01
647 3132 731 3190 audit
832 3137 834 3144 '

298 3231 391 3290 Dulce
411 3229 563 3302 ridentem,
584 3229 690 3286 misero
710 3229 787 3305 quod
808 3244 909 3285 omnes
1100 3228 1116 3286 5

298 3327 396 3405 Eripit
415 3343 517 3386 sensus
536 3325 610 3384 mihi
618 3345 628 3399 ;
650 3339 718 3383 nam
739 3324 828 3382 simul
847 3331 887 3386 10.
