2350 3822
116 375 120 385 .
172 320 209 379 28
502 319 730 380 onTULLUS.

168 505 332 580 Expectata
352 501 403 559 diu
423 501 476 557 vix
491 500 611 557 tandem
630 499 743 556 lumina
762 498 851 556 tollit.

169 601 294 676 Surgere
318 600 382 675 jam
405 603 529 673 tempus,
545 597 606 672 jam
629 596 752 672 pingues
775 595 908 672 linquere
929 613 1062 668 mensas3

168 698 238 755 Jam
257 697 357 754 veniet
377 694 469 769 virgo,
490 694 553 769 jam
576 693 689 750 dicetur
714 692 911 767 Hymenaeus.

169 794 290 870 Hymen
314 811 331 850 o
354 790 535 867 Hymenaee,
561 791 684 867 Hymen
707 790 814 850 adeso
836 790 1018 866 Hymenaee.
1042 789 1061 847 5

553 938 676 997 Puellae.

129 1069 130 1074 ’
170 1053 306 1125 (lernitiS,
328 1052 479 1129 innuptae,
498 1053 645 1129 juvenesl
685 1052 859 1128 Consurgite
885 1058 1008 1111 contra:

171 1152 321 1210 Nimirum
343 1149 466 1208 Oetaeos
490 1149 620 1207 ostendit
640 1148 765 1208 noctifer
787 1150 878 1226 ignes.

170 1249 218 1308 Sic
240 1255 318 1306 certe
342 1253 405 1306 est:
436 1246 527 1304 viden
549 1252 585 1304 ut
609 1246 767 1323 perniciter
790 1247 953 1306 exsiluerel

171 1346 240 1403 Non
263 1353 373 1403 temere
396 1343 549 1413 exsiluere,
574 1351 681 1401 canent
704 1343 783 1420 quod
806 1344 901 1401 visere
926 1362 980 1418 par
1006 1348 1061 1400 est.

130 1451 134 1459 '
171 1445 292 1520 Hymen
312 1462 330 1501 o
351 1442 531 1517 Hymenaee,
554 1440 676 1516 Hymen
692 1441 799 1499 adeso
819 1439 999 1515 Hymenaee.
1025 1441 1062 1498 10
1153 1457 1154 1484 l

548 1586 680 1646 «Iuvenca
1154 1596 1155 1690 l

171 1704 240 1762 Non
260 1703 354 1761 facilis
377 1702 471 1773 nobis,
495 1701 637 1776 aequales,
662 1703 759 1778 palma
781 1707 885 1779 parate
907 1708 971 1760 cst:
998 1778 1001 1785 Ι

170 1801 312 1878 Aspicite,
341 1799 483 1875 innuptae
508 1818 605 1856 secum
626 1805 662 1856 ut
688 1794 829 1858 meditata
855 1800 1019 1877 requirunt.

171 1900 242 1958 Non
271 1899 381 1955 frustra
411 1896 599 1968 meditantur,
631 1896 740 1955 habent
769 1898 957 1957 memorabile
983 1898 1065 1975 qnod

250 1995 299 2067 sit,
1155 2035 1156 2042 κ

171 2094 235 2152 Nee
258 2093 374 2163 mirum,
397 2091 514 2168 penitus
537 2110 612 2167 quae
635 2097 699 2149 tota
724 2098 823 2150 mente
849 2093 990 2152 laborant
1155 2075 1156 2092 Χ

170 2191 235 2250 Nos
256 2189 314 2247 alio
338 2195 458 2260 mentes,
484 2189 542 2246 alio
566 2188 721 2246 divisimus
744 2209 848 2264 aures3
1026 2189 1063 2248 15

170 2286 244 2347 Jure
268 2287 359 2362 igitur
382 2287 550 2343 vincemur:
585 2291 664 2342 amat
685 2286 808 2344 victoria
829 2306 936 2346 curam

171 2386 269 2456 Quare
292 2404 371 2442 nunc
393 2385 505 2441 animos
529 2384 632 2441 saltem
656 2384 832 2441 committite
856 2391 990 2458 vestros;

171 2483 275 2541 Dicere
293 2483 358 2558 jam
377 2482 527 2558 incipient,
547 2482 610 2557 jam
634 2482 808 2558 respondero
832 2481 952 2540 decebit.

171 2580 293 2656 Hymen
315 2599 333 2637 ο
355 2579 535 2654 Hymenaee,
558 2578 681 2653 Hymen
704 2578 773 2636 ades
797 2597 815 2636 o
840 2578 1021 2654 Hymenaee

555 2719 682 2778 Puellae.

172 2837 312 2914 Hespere,
335 2834 387 2912 qui
408 2833 487 2891 caclo
511 2833 605 2892 fertur
624 2834 768 2892 crudelior
791 2835 888 2912 ignis'l
1026 2837 1067 2896 20

173 2933 232 3004 Qui
253 2939 353 2990 natam
377 2930 470 3007 possis
493 2929 646 3005 complexu
669 2931 794 2988 avellere
819 2932 929 3004 matris,

172 3030 335 3106 Oonrplexu
356 3029 460 3086 matris
483 3027 658 3084 retinentem
680 3027 806 3084 avellere
832 3035 942 3102 natam,

172 3128 213 3184 Ilt
231 3127 335 3203 juveni
357 3124 473 3182 ardenti
497 3130 606 3182 castam
628 3123 735 3181 donare
756 3124 891 3199 puellam.

171 3221 250 3297 Quid
273 3222 386 3280 faciunt
409 3221 507 3278 hostes
530 3228 615 3297 capta
637 3221 783 3279 crudelius
804 3223 897 3280 urbel

172 3319 293 3395 Hymen
313 3339 330 3377 o
351 3319 531 3394 Hymenaee,
552 3318 674 3392 Hymen
690 3320 758 3376 ades
778 3338 795 3375 ο
814 3318 995 3394 Hymenaee.
1026 3324 1064 3380 25
