2350 3822
423 311 651 375 OATULLUS„
717 315 719 322 “

174 495 262 555 Pleni
281 493 359 550 ruris
379 499 410 550 et
429 491 624 549 inficetiarum

173 589 308 650 Annales
328 588 443 662 Volusi,
465 593 565 646 oeoate
584 591 673 644 certe.

452 764 632 820 XXXVIII.

174 887 257 947 Malo
277 893 330 961 est,
353 885 500 959 Oomifioi
522 891 575 943 tuo
596 882 722 954 Catullo,

174 985 256 1044 Male
277 989 330 1056 est,
351 982 544 1056 mehercule,
568 987 598 1040 et
618 980 768 1053 laboriose,

174 1081 216 1140 Et
234 1081 328 1158 mugio
348 1080 442 1156 magis
462 1079 495 1136 in
515 1079 578 1138 dies
598 1084 629 1137 et
645 1079 739 1136 horae
877 1065 879 1070 ¹

175 1177 271 1249 Quem
286 1183 331 1249 tu,
352 1176 431 1252 quod
448 1175 606 1233 minimum
625 1175 857 1253 facillimumque
878 1179 931 1244 est,

175 1273 242 1344 Qua
262 1273 373 1331 solatus
393 1291 424 1332 es
444 1272 638 1331 allocutionel
972 1269 990 1327 5

176 1370 291 1428 Iraeeor
311 1369 376 1427 tibi.
425 1368 473 1427 Sie
489 1388 569 1428 meos
587 1370 720 1428 amoresl

175 1465 303 1524 Paulum
323 1466 470 1544 quidlibet
489 1465 684 1538 allocutionis,

176 1563 321 1622 Moestius
342 1564 470 1622 lacrimis
491 1562 675 1630 Simonideis.

472 1740 620 1798 XXXIX.

140 1861 294 1938 Egnadus,
315 1861 394 1938 quod
414 1860 552 1920 eandidoe
571 1861 661 1920 hebet
681 1862 793 1938 dentes,

140 1957 271 2016 Renidet
300 1976 393 2034 usque
424 1976 561 2034 quaquez
589 1958 616 2016 si
636 1960 673 2016 ad
695 1961 739 2017 rei
759 1966 884 2020 ventum
908 1965 952 2019 est

142 2053 329 2127 Subsellium,
349 2062 533 2114 numerator
552 2054 663 2113 excitet
680 2054 792 2127 fletum,

142 2151 272 2210 Renidet
292 2151 362 2211 ille:
383 2152 409 2210 ei
428 2152 466 2209 od
483 2151 528 2228 pii
547 2170 651 2228 rogum
672 2151 717 2208 fili

142 2247 283 2324 nugetur,
304 2249 376 2306 orbe
395 2268 463 2307 oum
483 2248 536 2308 flet
554 2248 676 2306 unicum
694 2254 796 2320 mater,
978 2245 996 2304 5

140 2344 273 2403 Renidet
288 2345 359 2404 ille:
387 2345 528 2423 quioquid
549 2351 602 2419 est,
621 2344 789 2423 ubieunque
809 2350 862 2418 eet,

141 2440 352 2520 Quodcumque
371 2442 442 2520 egit,
455 2443 583 2502 renidet:
604 2442 684 2500 hune
704 2442 793 2501 hebet
813 2442 956 2515 morbum,

141 2538 248 2616 Neque
261 2539 424 2614 elegantem
444 2545 480 2597 ut
498 2540 627 2598 arbitror
646 2558 742 2616 neque
762 2540 916 2598 urbanum

142 2635 241 2706 Quare
262 2637 442 2694 monendum
459 2642 490 2694 te
507 2643 553 2696 est
572 2637 655 2710 mihi,
677 2637 752 2694 bone
769 2636 898 2712 Egnati:

142 2731 176 2790 si
192 2733 324 2790 urbanus
344 2752 419 2791 esses
439 2739 493 2792 aut
511 2733 638 2794 Sebinno
656 2738 709 2791 aut
727 2732 843 2805 Tiburs,
961 2731 1015 2803 10,

141 2829 209 2888 Aut
228 2849 333 2906 pareus
352 2830 469 2889 Umber
486 2836 539 2890 eut
561 2831 666 2889 obesus
682 2830 834 2904 Etruscus,

141 2927 208 2986 Aut
226 2926 401 2986 Ionuvinus
419 2933 483 2986 ater
503 2933 592 3006 etque
602 2928 751 3002 dentatus,

143 3025 210 3082 Aut
228 3024 462 3102 Transpadanus,
481 3032 517 3083 nt
536 3045 616 3084 meos
635 3044 752 3103 quoqne
772 3024 925 3104 attingam,

141 3124 209 3180 Aut
228 3122 362 3199 quilibet,
383 3123 436 3199 qui
452 3122 568 3200 puriter
586 3122 663 3181 levit
682 3124 794 3196 dentes,

141 3219 253 3277 Tamen
273 3220 406 3278 renidere
426 3239 519 3296 usque
539 3239 655 3298 queque
676 3225 705 3278 te
725 3220 843 3293 nollem,
964 3219 1000 3279 15

142 3314 224 3374 Nem
243 3315 306 3374 risu
326 3315 427 3394 inepto
447 3335 494 3376 res
512 3316 641 3394 ineptior
660 3317 743 3375 nulle
762 3322 814 3375 est
