2350 3822
392 339 619 402 CATULLUS.
917 340 952 399 33

59 520 162 579 Ahero
182 519 254 592 foro,
276 519 430 596 palaestra,
455 521 551 578 stadio
570 526 600 578 et
624 517 804 598 gymnasiial
918 520 955 577 60

60 617 156 675 Miser
181 636 200 675 a
227 615 324 689 miser,
349 618 530 693 querendum
555 623 600 675 est
627 617 717 674 etiam
741 623 830 692 atque
856 614 954 686 etiam,

142 714 246 772 anime

62 810 150 882 Quod
170 811 250 869 enim
267 829 359 887 genua
376 812 486 887 figurae
500 818 552 884 est,
568 830 620 887 ego
639 810 717 887 qnod
739 828 799 867 non
821 809 957 867 ohieriml

61 910 126 985 Ego
147 907 263 981 mulier,
286 925 339 984 ego
357 908 534 980 adulescens,
554 927 607 984 ego
628 907 765 984 ephebus,
787 925 839 983 ego
866 926 946 983 puer,

61 1007 127 1082 Ego
150 1005 286 1082 gymnasi
307 1004 352 1061 sui
376 1003 437 1078 flos,
457 1024 510 1081 ego
529 1025 609 1063 eram
628 1005 715 1062 decue
733 1003 804 1077 olei,

62 1101 143 1159 Mihi
157 1103 269 1178 januae
289 1101 466 1178 frequentet,
484 1102 558 1158 mihi
582 1101 686 1158 limina
707 1100 814 1177 tepida,
918 1100 955 1158 65

62 1199 143 1256 Mihi
166 1198 278 1256 floridis
302 1198 417 1256 corollis
440 1198 578 1256 redimita
600 1198 702 1255 domus
724 1203 796 1269 erat,

61 1295 271 1373 Linquendu'm
294 1294 347 1353 ubi
369 1301 446 1353 esset
467 1301 532 1353 orto
556 1295 629 1352 mihi
652 1293 712 1351 sole
731 1293 903 1352 cubiculum.

61 1393 127 1468 Ego
150 1412 229 1450 nune
252 1392 339 1450 deum
366 1391 502 1450 ministra
526 1397 557 1450 et
584 1392 708 1468 Cybeles
729 1391 841 1450 famula
866 1390 957 1448 ferarl

63 1491 127 1566 Ego
150 1487 282 1562 Maenas,
306 1506 359 1566 ego
381 1489 440 1546 mei
463 1508 539 1564 pare,
565 1508 617 1564 ego
641 1490 689 1547 vir
710 1488 818 1548 sterilia
840 1489 907 1546 erol

62 1588 127 1663 Ego
146 1585 251 1644 viridis
272 1586 368 1662 algida
386 1584 456 1644 Idae
476 1587 546 1644 nive
566 1586 673 1644 amicta
696 1587 759 1645 loca
777 1585 884 1643 eolaml
919 1585 956 1644 70

62 1684 127 1759 Ego
150 1682 244 1740 vitam
269 1701 353 1758 agam
375 1683 430 1740 sub
454 1682 522 1740 altie
543 1681 690 1760 Phrygiae
713 1681 915 1752 columinibue,

62 1780 128 1839 Ubi
151 1799 237 1838 cerva
260 1779 447 1852 silvicultrix,
461 1779 515 1837 ubi
538 1799 608 1856 aper
628 1779 851 1855 nemorivagusl

61 1877 134 1936 Jam
143 1877 208 1953 jam
221 1876 301 1934 dolet
324 1875 402 1952 quod
427 1875 482 1952 egi,
501 1877 565 1952 jam
585 1877 705 1954 jamque
728 1875 876 1954 paenitet!

62 1972 168 2031 Roaeis
191 1973 316 2030 uthina
337 1961 450 2031 labellis
472 1973 586 2031 sonitus
609 1975 697 2033 adiit.
715 2019 722 2034 .
740 2020 770 2034 ..

62 2070 204 2131 Geminae
220 2071 341 2128 deorum
361 2071 398 2128 ad
417 2090 501 2130 auree
521 2090 599 2129 nova
616 2065 722 2130 nuntia
740 2071 875 2145 referens,
919 2069 955 2129 75

62 2169 112 2227 Ibi
129 2169 236 2244 juncta
254 2168 328 2244 juga
351 2168 500 2227 resolvens
524 2169 632 2244 Cybele
655 2169 789 2227 leonibus

62 2266 254 2341 Laevumque
276 2264 388 2341 pecoris
411 2265 524 2322 hostem
548 2265 705 2323 stimulans
731 2265 775 2323 ita
794 2265 933 2341 loquitur.

63 2362 239 2440 ‘Agedum'
259 2361 366 2437 inquit,
397 2365 466 2438 ‘age
486 2362 570 2420 ferox
597 2362 617 2433 i,
642 2362 688 2419 fae
716 2368 751 2420 ut
778 2362 857 2419 hune
876 2361 958 2419 furor

142 2459 239 2533 agitet,

61 2555 121 2612 Fae
141 2555 189 2612 uti
209 2554 319 2612 suroris
338 2555 401 2613 ictu
421 2555 550 2614 reditum
570 2556 602 2613 in
622 2575 742 2614 nemora
762 2556 846 2627 ferat,

62 2651 133 2709 Mea
153 2651 245 2709 libere
265 2651 354 2709 nimis
374 2652 426 2729 qui
446 2653 545 2728 fugere
565 2653 689 2730 imperia
708 2654 797 2731 eupit
920 2652 958 2714 80

62 2749 130 2824 Age
151 2749 237 2806 caede
258 2755 342 2824 terga
361 2750 460 2820 cauda,
482 2755 535 2806 tua
555 2751 677 2810 verbera
696 2755 804 2827 patere,

63 2846 123 2903 Fae
144 2852 250 2903 cuncta
268 2845 413 2922 mugienti
432 2845 551 2903 fremitu
572 2847 635 2904 loca
655 2853 799 2918 retenent,

64 2942 203 3000 Rutilam
223 2941 308 3000 ferox
328 2949 425 3001 torosa
446 2943 557 3001 cervice
579 2949 668 3018 quate
686 2943 809 3020 jubam!

62 3040 122 3097 Ait
144 3039 216 3097 haee
238 3039 341 3096 minax
363 3037 484 3115 Cybelle
505 3040 668 3117 religatque
686 3041 758 3117 juga
780 3060 877 3099 manu.

64 3136 158 3195 Perua
179 3136 243 3212 ipse
264 3155 325 3194 aeae
347 3137 505 3195 adhortans
522 3137 658 3213 rapidum
676 3138 782 3194 incitat
800 3137 904 3208 animo,
921 3137 958 3195 85

63 3233 168 3300 Vadit,
191 3234 300 3304 fremit,
323 3233 459 3310 refringit
479 3235 609 3311 virgulta
629 3235 701 3311 pede
723 3253 804 3311 vaga

64 3331 110 3389 At
132 3330 187 3388 uhi
206 3327 308 3384 umida
327 3327 482 3385 albicantia
501 3329 565 3456 loca
585 3329 680 3388 liton'e
700 3331 774 3389 adiit
