2350 3822
401 310 630 373 OATULLUS.

149 491 264 565 Lesbia,
285 489 395 567 aspexi,
417 489 493 548 nihil
513 497 558 548 est
578 510 666 568 super
685 490 727 549 mi

150 687 266 764 Lingua
286 686 337 745 sed
356 690 463 760 torpet,
485 684 584 743 tenuis
604 685 660 742 sub
680 690 763 744 artus

149 784 284 842 Flamma
303 782 448 855 demnnnt,
471 781 572 839 sonitu
592 787 696 859 suopte

149 881 305 938 ‘Iintinant
325 897 419 951 aures,
440 877 557 954 gemina
576 883 719 958 teguntur

430 974 558 1032 Lumina
580 982 674 1034 nocte.

150 1068 263 1143 Otium,
288 1068 413 1140 Catulle,
435 1067 494 1125 tibi
516 1068 675 1126 molestum
698 1075 744 1126 est
754 1086 765 1142 ;

150 1165 221 1224 Otio
241 1165 372 1224 exsultas
383 1163 568 1241 nimiumque
590 1164 689 1240 gestis.

150 1261 255 1320 Otium
278 1267 309 1319 et
330 1280 412 1339 reges
433 1261 516 1338 prius
537 1266 569 1318 et
592 1261 693 1320 beatas

430 1357 567 1416 Perdidit
588 1358 684 1418 urben

480 1529 546 1584 LII.

150 1651 230 1723 Quid
252 1657 305 1724 est,
332 1649 467 1709 Catullet
494 1650 567 1727 quid
590 1650 714 1709 moraris
736 1652 846 1711 emerit

149 1748 229 1807 Sella
252 1747 286 1805 in
308 1747 405 1805 curuli
427 1747 548 1805 Struma
572 1747 690 1805 Nonius
713 1749 812 1808 sedet:
883 1777 887 1790 ·

149 1846 208 1905 Per
231 1845 416 1904 consulatum
438 1845 566 1922 perjernt
586 1845 746 1906 Vatinius:

149 1943 229 2013 Quid
253 1949 306 2016 est,
332 1943 467 2001 Catulle?
494 1942 566 2019 quid
589 1943 713 2002 moraris
734 1945 845 2003 emon-it

470 2121 552 2176 LIII.

147 2242 215 2300 Risi
236 2241 441 2319 nescioquem
461 2241 547 2321 modo
569 2262 585 2300 e
606 2261 721 2318 corona,

146 2339 213 2412 Qui,
241 2358 307 2397 cum
331 2339 454 2396 mirifice
478 2339 644 2397 Vatiniana

146 2437 234 2494 Meus
258 2436 381 2494 nimina
403 2436 512 2494 Calvus
536 2437 718 2513 explinasset

145 2532 308 2591 Admirans
331 2532 375 2590 ait
398 2533 469 2590 haec
493 2553 656 2610 manusque
677 2534 793 2610 tollens,

147 2629 220 2687 ‘Dii
241 2629 349 2705 magni,
375 2628 554 2706 salaputium
576 2630 736 2690 disertum)

483 2808 545 2862 LX

144 2927 228 2985 Num
251 2932 281 2984 te
305 2926 407 2984 leaena
430 2928 581 2986 montibus
607 2929 774 3005 Libystinis

143 3026 212 3082 Aut
238 3023 335 3099 Scylla
350 3022 468 3092 *latnnnn
495 3025 599 3082 infima
620 3027 776 3102 inguinum
798 3033 881 3104 parte

142 3121 217 3179 Tam
241 3127 339 3178 mente
365 3120 439 3178 dura
460 3122 626 3197 procreavit
650 3143 683 3180 ac
705 3131 809 3197 taetra,

143 3217 192 3277 Ut
213 3217 352 3294 supplicis
375 3237 475 3275 vocem
495 3218 528 3274 in
550 3219 708 3279 novissimo
732 3240 801 3279 casu

144 3314 353 3391 Contemptnm
377 3313 519 3372 haberent
547 3335 565 3372 n
592 3317 680 3373 nimis
702 3317 764 3375 fero
784 3319 887 3378 cordo!
