2380 3824
436 337 665 397 circinus.
961 309 998 368 ⁶3
1066 326 1067 332 ‘

104 515 153 573 Ne
174 514 329 591 quicquam
350 522 451 578 nostro
471 519 654 570 contractum
674 529 713 568 ex
732 528 781 567 ore
802 513 942 578 maneret,

144 613 305 686 Tamquam
326 611 496 667 commictae
516 627 620 684 spurca
640 607 734 664 saliva
753 606 848 682 lupae.
969 603 1004 659 10
1082 623 1086 630 ·

104 709 261 768 Praeterea
280 707 389 765 infesto
409 695 548 764 miserum
569 723 616 761 me
636 704 751 761 tradere
772 701 864 760 amori

107 871 110 882 ὁ
146 807 215 862 Νο11
237 805 357 863 cessasti
378 803 516 878 omnique
536 800 702 879 eucrociare
723 800 816 870 mode,

104 903 154 960 Ut
173 902 216 959 mi
234 921 273 958 ex
293 901 438 958 ambrosia
459 906 606 958 mutatum
623 900 686 973 jam
707 898 783 954 foret
802 896 877 952 illud

147 997 298 1058 Sariolum
320 997 401 1055 tristi
420 997 537 1054 tristius
557 996 691 1053 elleboro,

105 1091 204 1160 Quam
224 1092 364 1167 quoniam
384 1111 507 1168 poenam
527 1093 633 1150 misero
653 1093 792 1169 proponis
812 1092 914 1165 amori,
966 1092 1001 1148 15

148 1189 309 1265 Nunquam
327 1191 389 1265 jam
410 1189 529 1266 posthac
549 1189 631 1247 basia
651 1190 817 1266 surripiam.

531 1355 578 1410 01.

105 1477 223 1535 Multas
242 1497 295 1553 per
313 1482 415 1553 gentes
435 1483 466 1535 et
485 1477 580 1534 multa
600 1496 652 1553 per
671 1496 799 1553 aequora
817 1482 920 1536 vectus

149 1574 286 1632 Advenio
305 1574 359 1632 has
379 1574 508 1646 miseras,
528 1573 629 1646 frater,
650 1575 688 1632 ad
708 1573 836 1647 inferias,

105 1671 156 1729 Ut
175 1677 205 1728 te
225 1678 371 1747 postremo
392 1671 530 1729 donarem
550 1691 671 1730 munere
692 1672 796 1730 mortis

149 1769 190 1825 Et
209 1775 322 1825 mutam
343 1769 521 1845 nequiquam
542 1769 706 1843 alloquerer
723 1769 858 1828 cinerem.

105 1865 351 1941 Quandoquidem
372 1866 491 1924 fortuna
511 1866 585 1922 mihi
604 1871 665 1928 tete
686 1866 810 1924 abstulit
829 1866 935 1943 ipsum,
986 1865 1004 1922 5

149 1963 219 2020 Heu
240 1963 329 2020 miser
348 1962 468 2038 indigne
487 1963 579 2020 frater
599 1963 734 2040 adempte
753 1963 835 2035 mihi,

103 2059 197 2118 Nunc
210 2065 311 2118 tamen
327 2059 441 2117 interea
454 2059 533 2131 haee,
549 2059 644 2135 prisco
662 2079 737 2137 quae
754 2079 835 2118 more
848 2065 1004 2136 parentum

148 2157 269 2214 Tradita
288 2161 359 2214 sunt
378 2157 459 2214 tristi
479 2176 601 2216 munere
622 2158 659 2215 ad
679 2156 809 2229 inferiae,

104 2254 218 2330 Accipe
238 2254 368 2311 fraterno
388 2254 519 2311 multum
537 2254 688 2312 manantia
707 2255 787 2326 fletu,
867 2313 870 2320 ,

148 2351 251 2426 Atque
271 2350 304 2406 in
324 2356 507 2426 perpetuum,
529 2351 629 2423 frater,
651 2370 706 2408 ave
726 2357 815 2426 atque
834 2350 908 2411 vade.
967 2351 1005 2410 10

524 2522 589 2578 CII.

105 2644 142 2702 Si
162 2643 318 2719 quicquam
338 2643 429 2700 tacito
450 2643 636 2702 commissum
657 2650 703 2702 est
721 2645 780 2702 fido
800 2644 837 2702 ab
858 2643 960 2714 amice,

150 2740 242 2815 Cujus
262 2740 302 2797 sit
321 2740 439 2815 penitus
459 2747 531 2799 nota
550 2741 622 2799 fides
642 2741 743 2814 animi,

105 2837 219 2914 Meque
239 2855 301 2894 esse
321 2837 453 2894 invenies
473 2838 593 2896 illorum
609 2839 676 2913 jure
697 2844 852 2912 sacratum,

151 2933 276 3004 Corneli,
298 2940 329 2991 et
348 2915 460 2991 factum
480 2954 527 2992 me
547 2954 608 2993 esse
629 2941 702 3012 puta
721 2934 944 3012 Harpocratem.

512 3107 605 3163 0V11.

106 3229 142 3288 Si
161 3228 210 3287 cui
230 3229 302 3306 quid
322 3228 484 3306 cupidoque
504 3230 677 3307 optantique
697 3231 805 3308 obtigit
824 3251 955 3310 unquam

150 3325 329 3402 insperanti,
352 3325 406 3384 hot
426 3332 471 3384 est
490 3332 608 3403 gratum
628 3327 727 3385 animo
747 3330 871 3406 proprie.

367 3407 487 3552 dou
527 3407 750 3600 praedm*-
780 3465 801 3554 1

419 3573 472 3684 ἀ
789 3563 1082 3631 i“'⁸⁴*[¹l⁴'isi¹-

629 3551 737 3616 cr„

535 3561 626 3686 aa.
832 3618 837 3646 .
964 3678 970 3690 ,

524 3691 536 3725 ,ι’

525 3739 530 3752 ι
