2350 3822
524 314 752 377 CATULLUS.

270 499 379 557 Tecum
399 499 501 557 ludere
521 499 598 558 sicut
617 500 682 576 ipsu
701 520 815 577 possem

272 596 314 654 Er
332 596 433 654 tristes
453 597 546 654 animi
565 597 663 654 levare
683 615 774 657 curas
1053 599 1089 658 10

271 693 345 750 Tam
365 699 484 769 gratum
504 698 550 751 est
570 693 644 750 mihi
664 712 754 769 quam
773 695 874 755 ferunt
893 694 1008 772 puellae

272 789 391 848 Pernici
408 789 560 848 aureolum
578 789 668 848 fuisse
684 790 806 872 malum,
891 813 894 822 ·

274 886 360 958 Quod
379 904 483 945 zonam
502 885 593 944 soluit
613 887 665 944 diu
685 887 816 962 ligatam.

614 1111 671 1166 ΙΙΙ,

273 1232 394 1311 Lugeie,
415 1253 433 1291 o
453 1231 586 1290 Veneres
608 1230 842 1313 Cupidinesque

273 1332 314 1389 Er
334 1335 479 1407 quantum
499 1335 545 1387 est
565 1327 718 1385 hominum
738 1330 949 1392 venusticrum.

272 1426 379 1486 Passer
398 1431 532 1484 morinus
552 1431 598 1483 est
618 1443 700 1482 meae
721 1426 846 1502 puellae,
933 1457 934 1460 ¹

273 1524 387 1598 Passer,
412 1523 533 1582 deliciae
554 1541 637 1580 mene
659 1523 784 1598 puellae,

274 1623 369 1694 Quem
388 1622 456 1698 plus
475 1621 528 1678 ills
550 1619 641 1678 oculis
661 1619 723 1680 suis
743 1622 878 1686 amabar:
1070 1625 1089 1686 ὅ

272 1720 353 1778 Num
377 1718 509 1777 mellitus
532 1723 596 1775 erat
619 1711 761 1793 suamque
783 1726 870 1777 norat

273 1819 375 1896 Ipsam
394 1823 458 1875 tam
479 1817 551 1874 bene
571 1835 659 1894 quum
680 1816 778 1893 puella
795 1824 928 1892 matrem,

273 1915 338 1973 Nec
357 1932 420 1972 sese
438 1933 457 1971 a
476 1912 587 1990 gremio
601 1913 687 1970 'illius
706 1914 850 1987 movebat,

274 2011 333 2070 Sed
352 2009 563 2068 circumsiliens
583 2009 669 2066 modo
689 2009 747 2066 huc
766 2010 852 2069 modo
872 2010 942 2072 illuc

273 2108 325 2166 Ad
345 2106 438 2165 solam
458 2105 606 2164 dominam
628 2105 894 2182 usqucpipilebut„
1053 2111 1090 2171 10

275 2205 335 2277 Qui
354 2225 434 2264 nunc
453 2205 479 2263 it
499 2223 552 2281 per
571 2204 630 2262 iter
649 2204 866 2264 tenebricosum

274 2302 360 2375 Illuc,
382 2302 461 2360 unde
481 2306 592 2378 negant
612 2300 708 2358 redire
728 2319 915 2378 quemquem.

274 2399 320 2460 Au
343 2399 429 2458 vobis
452 2399 528 2455 mele
552 2398 600 2469 sii,
626 2396 721 2455 malae
744 2400 882 2457 tenebrae

276 2496 354 2570 Orci,
378 2514 453 2572 quse
477 2493 576 2552 omnia
598 2494 676 2552 bella
699 2494 864 2563 devoratis:

273 2595 347 2670 Tem
365 2592 477 2650 bellum
495 2591 570 2648 mihi
589 2610 735 2669 passerem
755 2591 926 2653 abstulistis
1054 2595 1090 2657 15

275 2689 301 2748 Ο
322 2689 433 2747 factum
452 2688 538 2762 mele,
559 2687 589 2745 io
608 2688 720 2746 miselle
740 2707 847 2764 passer,

254 2833 256 2837 .
274 2786 338 2844 [luc.
355 2804 435 2842 nunc
454 2804 543 2860 opera
560 2803 642 2842 meae
659 2784 774 2860 puellae

274 2881 386 2941 Flendo
406 2880 551 2959 turgiduli
568 2881 677 2938 rubent
696 2881 788 2940 ocelli.

615 3091 668 3147 IV.

232 3175 252 3190 γ’
276 3214 419 3274 Phaselus
439 3214 498 3286 illc,
520 3234 607 3292 quem
628 3215 744 3286 videtis,
765 3212 903 3291 hospites,
946 3263 949 3270 .

274 3312 333 3372 Ait
352 3311 442 3370 fuisse
461 3311 584 3369 navium
604 3311 779 3385 celerrimus,
