2380 3824
438 341 665 402 OATULLUs

109 519 210 582 Ionios
228 523 343 592 fluetus,
364 526 519 598 postquem
539 521 601 578 illie
622 520 730 577 Arrius
749 518 827 590 isset,

148 619 219 678 Iem
239 639 299 678 non
320 617 420 676 Ionios
439 637 509 690 esse,
532 618 583 676 sed
606 616 739 674 Hionios.

481 789 633 844 LXXXV.

110 912 167 969 Odi
188 918 218 970 et
238 930 321 972 amo:
342 929 432 987 quere
452 909 483 967 id
503 909 616 979 faciam,
637 909 760 966 fortasse
781 906 914 984 requiris.
945 919 948 926 ’

149 1007 264 1080 Nescio,
286 1007 336 1066 sed
357 1007 422 1066 fieri
441 1007 537 1064 sentio
556 1012 589 1064 et
608 1005 764 1063 exemeior.

470 1177 638 1232 LXXXVI.

110 1301 232 1372 Quintia
252 1299 379 1358 formosa
398 1305 444 1358 est
463 1299 584 1358 multis:
604 1295 680 1355 mihi
699 1297 831 1367 eandida,
853 1298 949 1374 longe,

149 1398 243 1455 Recte
262 1397 418 1454 est-haee
438 1415 491 1472 ego
511 1395 552 1454 sie
572 1394 689 1471 singule
709 1395 856 1452 confiteor.

109 1495 218 1553 Totum
238 1494 313 1552 illud
335 1493 494 1552 ‘formose'
514 1511 589 1569 nego
599 1514 607 1566 ;
627 1511 697 1549 nem
717 1491 801 1548 nulle
820 1497 968 1560 venustae,

148 1593 244 1652 Nulla
262 1593 296 1650 in
315 1597 377 1650 tem
397 1610 503 1668 magno
523 1596 569 1648 est
588 1609 707 1667 corpore
727 1588 803 1647 mica
822 1589 898 1648 salis.

108 1690 217 1749 Lesbia
229 1690 356 1756 formose
370 1695 421 1756 est,
438 1707 593 1765 quaecum
607 1687 783 1764 pulcerrima
796 1692 859 1744 tote
872 1693 925 1759 est,
984 1689 1002 1746 5

148 1787 224 1845 Tum
245 1785 380 1845 omnibus
402 1805 460 1842 une
481 1803 581 1843 omnes
605 1782 749 1860 surripuit
769 1781 908 1842 Veneres.

462 1955 649 2011 LXXXVII.

107 2081 203 2138 Nulla
222 2084 319 2156 potest
339 2077 444 2135 mulier·
464 2082 582 2134 tantum
604 2096 635 2134 se
654 2076 749 2134 dicere
770 2083 897 2135 auretam

149 2176 237 2245 Vere,
259 2179 402 2251 quantum
424 2193 441 2231 a
461 2193 516 2243 me,
539 2173 652 2246 Lesbia,
674 2179 781 2246 emata,
802 2193 874 2243 mea,
896 2195 934 2233 es

107 2274 204 2332 Nulla
223 2273 295 2330 fides
315 2272 376 2329 ullo
396 2270 454 2328 fuit
475 2290 605 2347 unquam
626 2269 740 2329 foedere
760 2275 852 2342 tenta,

151 2370 270 2441 Quanta
290 2369 323 2426 in
342 2386 441 2426 amore
461 2373 514 2425 tuo
534 2385 572 2424 ex
591 2373 675 2444 parte
694 2372 810 2443 reperte
830 2387 894 2426 mee
914 2374 965 2427 esi
987 2381 991 2388 ’

512 2538 607 2594 XCII.

107 2664 216 2724 Lesbia
235 2663 276 2720 mi
296 2661 369 2721 diois
388 2661 597 2737 sempermale
616 2679 670 2719 nee
689 2667 768 2720 tecet
787 2681 916 2738 unquam

150 2762 197 2819 De
218 2779 282 2818 me:
303 2757 409 2816 Lesbia
429 2775 476 2815 me
497 2758 658 2835 dispeream
679 2758 738 2815 nisi
758 2765 844 2818 amati

108 2859 177 2930 Quo
198 2856 299 2932 signo?
319 2855 388 2931 quia
408 2859 478 2912 sunt
497 2855 620 2912 totidem
642 2874 723 2912 mee:
745 2855 882 2932 deprecor
901 2855 982 2915 illam

149 2953 285 3024 Assidue
308 2969 411 3008 verum
431 2949 591 3027 dispeream
613 2950 672 3008 nisi
691 2970 765 3009 emo.

501 3121 613 3176 XCIII.

106 3247 164 3308 Nil
185 3245 310 3304 nimium
331 3243 443 3320 siudeo,
466 3242 579 3311 Oeeser,
603 3243 658 3301 tibi
677 3243 752 3302 velle
772 3243 894 3319 plaeere,

149 3344 215 3404 Nee
235 3342 308 3401 seire
328 3346 429 3399 utrum
450 3339 489 3400 sie
509 3341 593 3398 albus
613 3359 649 3398 en
672 3347 735 3398 ater
755 3340 848 3400 homo.
