2380 3824
191 301 225 358 54
524 297 752 358 OATULLUS.

190 481 253 539 Nee
276 485 396 538 tenuem
418 485 523 538 texens
547 479 682 538 sublimis
706 497 813 537 aranea
836 479 925 537 telam

228 575 267 636 In
289 577 404 634 deserto
428 575 494 632 Alli
515 576 634 632 nomine
659 595 733 652 opus
757 575 853 634 faciat.
969 577 1005 634 10
1021 576 1084 656 (50)

189 674 267 731 Nam
292 672 367 730 mihi
391 692 480 749 quarn
504 673 618 730 dederit
642 673 752 748 duplex
775 673 955 731 Amathusia
976 693 1086 747 curam,

229 770 326 840 Scitis,
353 776 384 827 et
409 770 442 826 in
466 789 525 846 quo
550 789 596 827 me
620 769 762 827 corruerit
787 789 902 845 genere,

177 867 265 924 'Cum
288 873 408 924 tantum
431 867 564 925 arderem
588 872 734 942 quantum
758 858 908 925 Trinacria
931 886 1020 944 rupes

228 963 422 1040 Lymphaque
446 963 478 1020 in
504 962 622 1021 Oetaeis
647 963 742 1020 Malia
764 964 976 1040 Thermopylis,

189 1059 305 1117 Maesta
329 1080 382 1118 nec
406 1060 523 1118 assiduo
547 1061 695 1118 tabescere
718 1060 833 1117 lumina
856 1061 930 1118 fietu
966 1063 1002 1119 15
1020 1059 1085 1140 (55)

229 1157 384 1216 Cessarent
407 1158 544 1234 tristique
567 1157 661 1215 imbre
686 1158 802 1215 madere
826 1177 925 1234 genae,

190 1241 293 1324 Qualis
316 1255 349 1312 in
372 1254 450 1313 aerei
473 1254 626 1330 perlucens
651 1255 761 1313 vertice
787 1255 898 1314 montis

228 1351 325 1409 Rivus
349 1370 481 1410 muscoso
504 1351 620 1428 prosilit
644 1371 661 1409 e
685 1351 790 1428 lapide,

189 1448 256 1519 Qui,
281 1467 349 1506 cum
373 1449 409 1506 de
432 1467 526 1524 prona
548 1467 686 1524 praeceps
710 1455 755 1506 est
779 1449 856 1506 valle
881 1450 1008 1521 volutus,

229 1545 287 1602 Per
310 1545 440 1602 medium
463 1545 547 1603 densi
570 1544 679 1602 transit
702 1545 760 1603 iter
781 1546 891 1622 populi,
965 1547 1004 1605 20
1020 1546 1085 1628 (60)

189 1642 283 1700 Dulce
306 1642 415 1699 viatori
437 1641 513 1699 lasso
537 1641 570 1698 in
593 1642 699 1700 sudore
722 1642 857 1700 levamen

229 1739 304 1797 (lum
327 1739 426 1814 gravis
450 1745 569 1797 exustos
593 1745 691 1797 aestus
714 1739 828 1796 hiulcat
850 1759 955 1816 agros:

189 1837 257 1905 Hic,
282 1836 367 1892 velut
390 1835 422 1891 in
445 1835 529 1911 nigro
547 1835 668 1911 jactatis
691 1836 811 1893 turbine
835 1835 935 1894 nautis

228 1933 337 1990 Levius
361 1931 493 2008 aspirans
517 1951 589 1989 aura
613 1934 740 1990 secunda
762 1933 853 2006 venit,

188 2029 258 2088 Jam
281 2021 366 2105 prece
386 2029 524 2101 Pollucis,
541 2029 604 2104 jam
626 2029 756 2087 Castoris
776 2030 933 2106 implorata
947 2052 953 2089 ι
968 2032 1005 2089 25
1020 2031 1084 2113 (65)

229 2127 299 2184 Tale
319 2125 379 2182 fuit
398 2125 482 2183 nobis
502 2126 603 2208 Allius
623 2126 775 2183 auxilium.
893 2171 897 2182 .

188 2223 218 2282 Is
242 2217 373 2282 clausum
396 2224 457 2281 lato
480 2223 619 2300 patefecit
639 2223 734 2281 limite
758 2243 900 2301 campum,

229 2321 318 2398 Isque
342 2322 461 2378 domum
485 2320 578 2393 nobis,
603 2321 686 2397 isque
710 2321 792 2378 dedit
813 2322 970 2394 dominam,

188 2419 239 2476 Ad
263 2439 351 2495 quam
375 2437 543 2476 communes
567 2435 768 2474 exerceremus
792 2437 911 2476 amores.

228 2514 295 2585 Quo
318 2534 383 2573 mea
406 2535 437 2573 se
460 2502 543 2570 molli
567 2514 692 2571 candida
715 2514 785 2571 diva
807 2515 880 2592 pede
963 2515 1002 2574 30
1018 2515 1083 2594 (m)

188 2611 298 2670 Intulit
321 2612 447 2670 attrito
470 2610 632 2686 fulgentem
655 2611 689 2668 11
709 2611 811 2670 limine
835 2613 969 2689 plantam

228 2708 339 2766 Innixe
362 2713 467 2784 arguta
490 2707 646 2765 constituit
670 2708 758 2783 solea,

189 2805 328 2882 Conjugis
352 2812 386 2862 ut
410 2804 556 2881 quondam
579 2805 706 2880 flagrans
729 2804 851 2864 advenit
873 2825 972 2864 amore

228 2901 438 2960 Protesilaeam
461 2900 620 2957 Laodamia
644 2900 772 2972 domum,

188 2999 341 3075 Inceptam
351 2998 469 3069 frustra,
481 2997 612 3053 nondum
625 3015 717 3073 quum
727 2997 868 3074 sangnine
878 3017 958 3057 sacro
968 2998 1005 3056 35
1018 2997 1084 3081 (15)

228 3095 338 3153 Hostia
362 3095 498 3153 caelestes
522 3093 702 3170 pacificasset
727 3113 798 3152 eros.

195 3190 242 3256 Nil
266 3192 340 3249 mihi
364 3199 425 3250 tam
449 3190 534 3248 valde
559 3191 679 3267 placeat,
705 3189 890 3248 Rhamnusia
913 3190 1006 3268 virge,

228 3288 314 3359 Quod
337 3295 446 3348 temere
470 3286 575 3344 invitis
599 3286 776 3364 suscipiatur
800 3287 864 3346 eris.
