2350 3822
184 285 221 343 16
516 294 744 362 OATULLUS.

218 474 308 532 Nune
329 473 459 540 Celtiber
479 495 530 535 es:
559 477 719 536 Celtiberia
738 481 772 536 in
792 486 880 552 terra,

220 571 305 640 Quod
325 571 449 649 quisque
469 573 586 647 minxit,
608 574 663 633 hoe
683 576 741 634 sibi
760 577 835 634 solet
855 597 941 637 mane

219 668 349 726 Dentem
369 675 459 744 atque
479 690 592 728 russam
613 672 755 730 defricare
775 673 948 754 gingivam;

218 764 274 837 Ut,
295 783 354 841 quo
374 765 430 824 iste
450 773 549 825 vester
568 768 726 844 expolitior
746 769 818 829 dens
838 777 892 844 est,
1039 774 1078 832 20

220 862 288 920 Hoe
307 868 338 921 te
358 862 486 940 amplius
506 863 614 924 bibisse
633 866 782 942 praedicet
801 867 864 925 loti

595 1161 658 1216 XL.

261 1278 413 1350 Quaenam
433 1286 464 1339 te
484 1281 562 1339 mala
582 1301 674 1354 mens,
695 1283 809 1342 miselle
830 1283 953 1355 Ravide

259 1379 334 1455 Agit
354 1380 543 1456 praecipitem
563 1381 596 1438 in
616 1400 696 1440 meos
716 1382 849 1441 iambosl

261 1475 335 1545 Quis
356 1477 428 1534 deus
448 1477 505 1535 tibi
525 1497 586 1535 non
605 1478 679 1536 bene
698 1479 858 1537 advocatus

260 1573 425 1632 Vecordem
444 1581 531 1650 parat
551 1575 680 1632 excitare
698 1575 814 1633 rixaml

257 1670 311 1728 An
330 1677 366 1729 ut
385 1671 539 1747 pervenias
559 1671 592 1727 in
612 1691 664 1728 ora
682 1672 785 1749 vulgil
1061 1672 1081 1730 5

260 1767 340 1838 Quid
358 1769 425 1826 viel
452 1768 585 1844 qualibet
604 1789 666 1826 esse
683 1775 772 1827 notus
793 1769 897 1845 optasl

259 1864 335 1936 Eris,
358 1864 594 1941 quandoquidem
614 1884 694 1922 meos
714 1884 826 1923 amores

259 1960 335 2020 Cum
350 1961 437 2036 longa
456 1960 578 2019 voluisti
595 1980 692 2020 amare
710 1980 812 2038 poena

577 2251 690 2305 XLIII.

273 2431 275 2434 ¹
315 2364 410 2437 Salve,
432 2384 485 2423 nee
506 2363 628 2421 minimo
648 2363 747 2439 puella
766 2382 846 2436 naso,

307 2462 372 2520 Nee
388 2461 464 2519 bello
480 2460 553 2537 pede
573 2479 626 2517 nee
642 2459 734 2536 nigris
753 2459 862 2517 ocellis-

308 2559 372 2617 Nee
390 2558 489 2635 longis
509 2557 611 2633 digitis
628 2575 682 2614 nee
699 2574 748 2614 ore
768 2557 842 2614 sicco

307 2655 372 2712 Nee
392 2675 461 2713 sane
479 2654 568 2712 nimis
588 2654 720 2730 elegante
739 2653 850 2729 lingua,

302 2751 477 2811 -Deeoctoris
494 2750 586 2809 amica
604 2750 761 2808 Formiani

307 2848 370 2908 Ten
395 2848 547 2925 provincia
563 2852 664 2904 narrat
684 2865 746 2905 esse
761 2845 890 2903 bellam‘l

307 2945 415 3004 Tecum
435 2945 541 3004 Lesbia
557 2950 659 3003 nostra
675 2944 875 3020 eomparaturl
931 2997 936 3005 ,

230 3067 232 3071 ·
309 3043 334 3102 Ο
356 3044 484 3102 saeelum
502 3043 643 3120 iusipiens
664 3049 695 3100 et
714 3041 881 3099 infacetum.
929 3109 934 3118 .
