2350 3822
442 331 671 392 OATULLUS.
971 330 1006 388 29

491 512 624 570 Juvenea.

110 629 252 706 Hespere,
278 627 331 706 qui
350 627 430 686 eaelo
449 626 528 684 lucet
549 624 708 702 jucundior
732 623 828 700 ignisl

110 727 172 796 Qui
193 725 335 802 desponsa
357 731 411 783 tua
433 725 531 781 firmes
554 722 680 780 eonubie
700 721 826 791 flamma,

113 823 196 893 Quae
219 822 354 900 pepigere
377 821 443 892 viri,
469 821 644 898 pepigerunt
668 824 737 876 ente
762 822 906 893 parentes,

111 915 175 973 Nee
195 915 321 991 junxere
345 913 427 990 prius
448 932 536 990 quem
557 931 587 970 se
609 918 680 969 tuus
704 909 813 968 extulit
837 909 930 966 ardor.

112 1012 192 1082 Quid
211 1012 300 1069 datur
322 1030 340 1068 a
363 1010 441 1067 divis
462 1008 540 1066 felici
563 1006 694 1085 optatius
719 1006 810 1063 horai
970 1004 1007 1062 30

112 1109 235 1185 Hymen
258 1127 276 1166 ο
297 1106 480 1183 Hymenaee,
506 1103 627 1181 Hymen
649 1103 757 1161 adeso
785 1102 965 1177 Hymenaee.

499 1227 625 1284 Puellae.

113 1335 265 1412 Hesperus
288 1353 305 1393 e
328 1333 420 1407 nobis,
444 1333 588 1409 aequales,
613 1330 738 1388 abstulit
759 1349 862 1410 unam..

972 1616 1007 1674 35

114 1719 237 1796 Hymen
260 1738 277 1777 o
300 1719 481 1797 Hymenaee,
505 1719 627 1796 Hymen
650 1719 757 1776 adeso
785 1719 965 1795 Hymenaee.

493 1839 626 1900 Juveaee.

114 1946 211 2004 Nocte
231 1945 327 2004 latent
347 1946 435 2017 sures,
460 1965 533 2024 quos
556 1946 635 2003 idem
662 1964 748 2021 saepe
771 1952 930 2019 revertens,

114 2043 256 2120 Hespero,
281 2049 396 2101 mutate
418 2043 601 2120 comprendis
624 2045 743 2100 nomine
766 2043 888 2101 eosdem.

114 2144 160 2198 At
183 2141 257 2199 libet
279 2141 413 2218 innuptis
437 2141 505 2198 fiete
526 2147 557 2198 ie
577 2159 694 2215 carpere
719 2147 842 2216 questu:

116 2237 195 2308 Quid
232 2246 298 2296 tum
335 2238 360 2295 si
397 2244 530 2315 carpunt,
571 2238 663 2296 tacita
704 2255 791 2313 quem
831 2244 930 2295 mente
970 2257 1012 2295 re-

195 2335 339 2410 quiruntl
634 2349 635 2352 ’
973 2335 1011 2393 40

116 2431 239 2507 Hymen
260 2450 278 2489 ο
303 2432 485 2508 Hymenaee,
508 2430 631 2506 Hymen
652 2429 721 2487 ades
744 2449 762 2488 ο
790 2430 970 2506 Hymenaee.

506 2553 630 2611 Puellae.

117 2660 165 2719 Ut
186 2659 239 2718 flos
263 2659 295 2717 in
317 2660 407 2736 septis
431 2666 558 2718 secretus
581 2659 713 2717 nascitur
735 2658 837 2730 hortis,
934 2701 940 2716 .

116 2758 242 2833 Ignotus
266 2757 371 2834 pecori,
396 2756 479 2814 nullo
503 2762 641 2813 contusus
665 2762 773 2828 aratro,

118 2855 211 2925 Quem
234 2855 366 2912 mulcent
389 2871 486 2925 aurae,
512 2851 610 2909 firmat
635 2853 687 2925 sol,
713 2853 818 2910 educat
841 2852 935 2910 imber

118 3049 211 3110 Multi
234 3047 317 3105 illum
343 3048 437 3124 pueri,
462 3047 573 3104 multae
597 3053 736 3123 optavere
760 3047 894 3122 puellae:
995 3083 998 3094 ·

118 3146 203 3204 Idem
226 3165 294 3203 cum
316 3145 400 3203 tenui
424 3151 542 3220 carptus
567 3143 704 3201 defloruit
723 3144 825 3219 ungui,

119 3243 206 3302 Nulli
228 3243 314 3300 illum
337 3242 430 3318 pueri,
454 3241 554 3298 nullae
577 3246 715 3316 optavere
736 3240 856 3317 puellae.

119 3341 167 3400 Sic
188 3340 280 3416 virgo,
304 3339 375 3397 dum
403 3339 515 3397 intaeta
541 3345 649 3406 manet,
676 3337 746 3395 dum
769 3356 836 3396 eata
863 3336 924 3395 suis
951 3339 1014 3396 esi:
