2350 3822
200 289 239 346 24
536 287 765 349 OATULLUS.

278 467 396 542 Matris,
420 489 438 528 ο
460 469 632 546 Hymenaee
653 471 785 546 Hymen,
1011 541 1013 553 Ι

560 568 586 625 Ο
608 568 729 643 Hymen
751 569 931 642 Hymenaee.

279 664 333 722 Nil
349 669 449 741 potest
468 664 578 722 sinete
599 663 712 736 Venus,

278 761 369 818 Fame
385 762 463 837 quod
480 762 557 819 bona
578 763 754 839 comprobet,

279 857 431 915 Commodi
449 877 558 936 cepere,
578 863 612 915 at
629 865 727 934 potest

277 954 318 1012 Te
334 955 460 1015 volente.
519 953 593 1029 Quis
612 954 682 1014 huie
701 959 755 1016 deo

559 1051 766 1130 Oompararier
783 1055 880 1114 ausiti

278 1149 372 1207 Nulla
391 1149 458 1226 quit
479 1149 543 1208 sine
563 1156 593 1207 te
613 1149 718 1208 domus

278 1246 399 1305 Liberos
417 1247 495 1319 dere,
515 1266 568 1304 nec
588 1265 694 1322 parens
818 1263 820 1269 ·

277 1343 375 1420 Stirpe
394 1342 514 1416 vinciet,
533 1348 565 1400 et
586 1337 684 1418 potest

279 1441 319 1498 Te
339 1441 464 1500 volente
489 1477 493 1490 ·
522 1437 596 1514 Quis
612 1440 682 1498 huie
701 1440 756 1500 deo

557 1535 761 1613 Compararier
780 1539 879 1596 ausit?

277 1635 358 1705 Quae
378 1635 439 1693 tuis
456 1640 556 1693 eareat
573 1635 663 1694 saeris

276 1731 347 1788 Non
367 1736 459 1806 quest
479 1730 548 1789 dare
566 1732 713 1807 praesides

275 1827 366 1885 Terre
387 1827 506 1900 finibus,
527 1834 560 1885 et
579 1834 669 1905 quest

180 1990 182 1994 s
275 1923 317 1982 Te
337 1923 466 1983 volente
524 1923 598 1994 Quis
618 1925 687 1985 huie
707 1927 761 1987 deo

555 2030 757 2107 Compararier
775 2032 872 2092 ausiti

275 2125 413 2185 Claustra
433 2126 555 2204 pendite
571 2127 687 2202 januae.

273 2223 369 2299 Virgo
389 2225 479 2281 adest.
523 2222 625 2280 Viden
643 2230 678 2281 ut
696 2224 773 2282 faces

276 2319 454 2397 Splendidas
474 2319 615 2394 quatiunt
635 2337 732 2378 eomas

272 2901 367 2971 Quem
387 2907 487 2958 tamen
505 2901 599 2977 magis
617 2902 739 2960 audiens

510 2997 577 3054 Flet
595 2999 673 3074 quod
691 2999 735 3056 ire
754 3017 869 3057 necesse
889 3004 940 3058 est.
965 3001 1003 3059 85
1025 2992 1092 3082 (8'1)

270 3095 356 3153 Flere
374 3094 492 3152 desine:
519 3114 579 3152 non
595 3095 659 3168 tibi,
681 3095 745 3152 Au-

269 3191 430 3264 runculeia,
451 3192 614 3268 periculum
636 3198 680 3250 est

270 3288 318 3346 Ne
338 3307 397 3365 qua
416 3287 527 3346 femina
545 3288 692 3364 pulchrior
