<?xml version="1.0" encoding="UTF-8"?>
<!DOCTYPE html PUBLIC "-//W3C//DTD XHTML 1.0 Transitional//EN"
    "http://www.w3.org/TR/xhtml1/DTD/xhtml1-transitional.dtd">
<html xmlns="http://www.w3.org/1999/xhtml" xml:lang="en" lang="en">
 <head>
  <title>
</title>
<meta http-equiv="Content-Type" content="text/html;charset=utf-8" />
  <meta name='ocr-system' content='tesseract 3.04.00' />
  <meta name='ocr-capabilities' content='ocr_page ocr_carea ocr_par ocr_line ocrx_word'/>
</head>
<body>
  <div class='ocr_page' id='page_1' title='image "./selectpoemscatu00catugoog_0080.png"; bbox 0 0 2350 3822; ppageno 0'>
   <div class='ocr_carea' id='block_1_1' title="bbox 429 323 657 383">
    <p class='ocr_par' dir='ltr' id='par_1_1' title="bbox 429 323 657 383">
     <span class='ocr_line' id='line_1_1' title="bbox 429 323 657 383; baseline 0 0"><span class='ocrx_word' id='word_1_1' title='bbox 429 323 657 383; x_wconf 81' lang='lat' dir='ltr'><strong>OATULLUS.</strong></span> 
     </span>
    </p>
   </div>
   <div class='ocr_carea' id='block_1_2' title="bbox 176 506 694 1921">
    <p class='ocr_par' dir='ltr' id='par_1_2' title="bbox 176 506 694 1921">
     <span class='ocr_line' id='line_1_2' title="bbox 179 506 611 578; baseline -0.002 -12"><span class='ocrx_word' id='word_1_2' title='bbox 179 508 238 578; x_wconf 81' lang='lat' dir='ltr'><strong>Qui</strong></span> <span class='ocrx_word' id='word_1_3' title='bbox 258 508 350 566; x_wconf 81' lang='lat' dir='ltr'><strong>vestri</strong></span> <span class='ocrx_word' id='word_1_4' title='bbox 366 527 531 565; x_wconf 79' lang='lat' dir='ltr'><strong>numerere·</strong></span> <span class='ocrx_word' id='word_1_5' title='bbox 543 506 611 565; x_wconf 90' lang='lat' dir='ltr'><strong>vult</strong></span> 
     </span>
     <span class='ocr_line' id='line_1_3' title="bbox 378 605 677 664; baseline 0 0"><span class='ocrx_word' id='word_1_6' title='bbox 378 605 478 664; x_wconf 81' lang='lat' dir='ltr'><strong>Multa</strong></span> <span class='ocrx_word' id='word_1_7' title='bbox 499 606 583 664; x_wconf 81' lang='lat' dir='ltr'><strong>milis</strong></span> <span class='ocrx_word' id='word_1_8' title='bbox 606 605 677 664; x_wconf 82' lang='lat' dir='ltr'><strong>ludi</strong></span> 
     </span>
     <span class='ocr_line' id='line_1_4' title="bbox 178 702 601 762; baseline 0.002 -2"><span class='ocrx_word' id='word_1_9' title='bbox 178 702 287 760; x_wconf 86' lang='lat' dir='ltr'><strong>Ludite</strong></span> <span class='ocrx_word' id='word_1_10' title='bbox 309 702 439 761; x_wconf 89' lang='lat' dir='ltr'><strong>utlibet</strong></span> <span class='ocrx_word' id='word_1_11' title='bbox 463 708 494 760; x_wconf 87' lang='lat' dir='ltr'><strong>et</strong></span> <span class='ocrx_word' id='word_1_12' title='bbox 517 703 601 762; x_wconf 86' lang='lat' dir='ltr'><strong>brevi</strong></span> 
     </span>
     <span class='ocr_line' id='line_1_5' title="bbox 178 798 633 858; baseline 0.002 -2"><span class='ocrx_word' id='word_1_13' title='bbox 178 799 299 856; x_wconf 79' lang='lat' dir='ltr'><strong>Iiberos</strong></span> <span class='ocrx_word' id='word_1_14' title='bbox 323 798 398 857; x_wconf 83' lang='lat' dir='ltr'><strong>dete.</strong></span> <span class='ocrx_word' id='word_1_15' title='bbox 455 799 526 858; x_wconf 86' lang='lat' dir='ltr'><strong>Non</strong></span> <span class='ocrx_word' id='word_1_16' title='bbox 550 800 633 858; x_wconf 85' lang='lat' dir='ltr'><strong>decet</strong></span> 
     </span>
     <span class='ocr_line' id='line_1_6' title="bbox 177 894 555 953; baseline 0.005 -2"><span class='ocrx_word' id='word_1_17' title='bbox 177 894 251 952; x_wconf 82' lang='lat' dir='ltr'><strong>Tam</strong></span> <span class='ocrx_word' id='word_1_18' title='bbox 270 900 357 952; x_wconf 86' lang='lat' dir='ltr'><strong>vetus</strong></span> <span class='ocrx_word' id='word_1_19' title='bbox 375 895 438 953; x_wconf 86' lang='lat' dir='ltr'><strong>sine</strong></span> <span class='ocrx_word' id='word_1_20' title='bbox 455 895 555 953; x_wconf 85' lang='lat' dir='ltr'><strong>liberis</strong></span> 
     </span>
     <span class='ocr_line' id='line_1_7' title="bbox 178 991 610 1064; baseline 0 -14"><span class='ocrx_word' id='word_1_21' title='bbox 178 991 297 1050; x_wconf 86' lang='lat' dir='ltr'><strong>Nomen</strong></span> <span class='ocrx_word' id='word_1_22' title='bbox 315 1011 385 1064; x_wconf 88' lang='lat' dir='ltr'><strong>esse,</strong></span> <span class='ocrx_word' id='word_1_23' title='bbox 409 992 460 1050; x_wconf 83' lang='lat' dir='ltr'><strong>sed</strong></span> <span class='ocrx_word' id='word_1_24' title='bbox 477 993 610 1050; x_wconf 84' lang='lat' dir='ltr'><strong>indidem</strong></span> 
     </span>
     <span class='ocr_line' id='line_1_8' title="bbox 378 1084 694 1162; baseline 0.003 -19"><span class='ocrx_word' id='word_1_25' title='bbox 378 1085 499 1162; x_wconf 83' lang='lat' dir='ltr'>Semper</span> <span class='ocrx_word' id='word_1_26' title='bbox 521 1084 694 1162; x_wconf 73' lang='lat' dir='ltr'><strong>ingenerari</strong></span> 
     </span>
     <span class='ocr_line' id='line_1_9' title="bbox 176 1182 595 1259; baseline 0 -19"><span class='ocrx_word' id='word_1_27' title='bbox 176 1183 343 1259; x_wconf 75' lang='lat' dir='ltr'><strong>Torquatus</strong></span> <span class='ocrx_word' id='word_1_28' title='bbox 356 1182 424 1240; x_wconf 86' lang='lat' dir='ltr'><strong>volo</strong></span> <span class='ocrx_word' id='word_1_29' title='bbox 443 1182 595 1258; x_wconf 79' lang='lat' dir='ltr'><strong>parvulus,</strong></span> 
     </span>
     <span class='ocr_line' id='line_1_10' title="bbox 177 1279 547 1356; baseline 0.003 -19"><span class='ocrx_word' id='word_1_30' title='bbox 177 1280 287 1338; x_wconf 85' lang='lat' dir='ltr'><strong>Matris</strong></span> <span class='ocrx_word' id='word_1_31' title='bbox 305 1299 321 1338; x_wconf 93' lang='lat' dir='ltr'>e</span> <span class='ocrx_word' id='word_1_32' title='bbox 342 1279 453 1356; x_wconf 77' lang='lat' dir='ltr'><strong>gremio</strong></span> <span class='ocrx_word' id='word_1_33' title='bbox 476 1298 547 1339; x_wconf 82' lang='lat' dir='ltr'><strong>suae</strong></span> 
     </span>
     <span class='ocr_line' id='line_1_11' title="bbox 178 1375 603 1452; baseline 0 -18"><span class='ocrx_word' id='word_1_34' title='bbox 178 1375 334 1452; x_wconf 84' lang='lat' dir='ltr'><strong>Porrigens</strong></span> <span class='ocrx_word' id='word_1_35' title='bbox 356 1383 470 1435; x_wconf 83' lang='lat' dir='ltr'><strong>teneras</strong></span> <span class='ocrx_word' id='word_1_36' title='bbox 489 1396 603 1450; x_wconf 83' lang='lat' dir='ltr'><strong>manus,</strong></span> 
     </span>
     <span class='ocr_line' id='line_1_12' title="bbox 178 1473 585 1550; baseline -0.002 -19"><span class='ocrx_word' id='word_1_37' title='bbox 178 1473 273 1532; x_wconf 83' lang='lat' dir='ltr'>Dulce</span> <span class='ocrx_word' id='word_1_38' title='bbox 296 1473 391 1531; x_wconf 82' lang='lat' dir='ltr'><strong>rideat</strong></span> <span class='ocrx_word' id='word_1_39' title='bbox 414 1474 453 1531; x_wconf 88' lang='lat' dir='ltr'><strong>ad</strong></span> <span class='ocrx_word' id='word_1_40' title='bbox 472 1480 585 1550; x_wconf 85' lang='lat' dir='ltr'><strong>patrem</strong></span> 
     </span>
     <span class='ocr_line' id='line_1_13' title="bbox 378 1569 693 1630; baseline -0.006 0"><span class='ocrx_word' id='word_1_41' title='bbox 378 1570 558 1630; x_wconf 80' lang='lat' dir='ltr'><strong>Semihiente</strong></span> <span class='ocrx_word' id='word_1_42' title='bbox 579 1569 693 1628; x_wconf 82' lang='lat' dir='ltr'><strong>labello.</strong></span> 
     </span>
     <span class='ocr_line' id='line_1_14' title="bbox 179 1667 518 1744; baseline -0.006 -18"><span class='ocrx_word' id='word_1_43' title='bbox 179 1668 226 1726; x_wconf 85' lang='lat' dir='ltr'><strong>Sit</strong></span> <span class='ocrx_word' id='word_1_44' title='bbox 243 1687 296 1726; x_wconf 90' lang='lat' dir='ltr'><strong>suo</strong></span> <span class='ocrx_word' id='word_1_45' title='bbox 314 1667 420 1726; x_wconf 83' lang='lat' dir='ltr'><strong>similis</strong></span> <span class='ocrx_word' id='word_1_46' title='bbox 439 1667 518 1744; x_wconf 83' lang='lat' dir='ltr'><strong>putri</strong></span> 
     </span>
     <span class='ocr_line' id='line_1_15' title="bbox 178 1760 572 1824; baseline 0.003 -2"><span class='ocrx_word' id='word_1_47' title='bbox 178 1765 293 1822; x_wconf 83' lang='lat' dir='ltr'><strong>Manlio</strong></span> <span class='ocrx_word' id='word_1_48' title='bbox 315 1760 345 1824; x_wconf 84' lang='lat' dir='ltr'><strong>et</strong></span> <span class='ocrx_word' id='word_1_49' title='bbox 366 1764 451 1822; x_wconf 85' lang='lat' dir='ltr'><strong>facile</strong></span> <span class='ocrx_word' id='word_1_50' title='bbox 472 1763 572 1823; x_wconf 88' lang='lat' dir='ltr'><strong>insciis</strong></span> 
     </span>
     <span class='ocr_line' id='line_1_16' title="bbox 177 1861 568 1921; baseline 0 -1"><span class='ocrx_word' id='word_1_51' title='bbox 177 1862 349 1921; x_wconf 84' lang='lat' dir='ltr'><strong>Noscitetur</strong></span> <span class='ocrx_word' id='word_1_52' title='bbox 372 1863 409 1920; x_wconf 83' lang='lat' dir='ltr'><strong>ab</strong></span> <span class='ocrx_word' id='word_1_53' title='bbox 432 1861 568 1920; x_wconf 86' lang='lat' dir='ltr'><strong>omnibus</strong></span> 
     </span>
    </p>
   </div>
   <div class='ocr_carea' id='block_1_3' title="bbox 177 1959 1037 2212">
    <p class='ocr_par' dir='ltr' id='par_1_3' title="bbox 177 1959 1037 2212">
     <span class='ocr_line' id='line_1_17' title="bbox 177 1959 508 2037; baseline -0.003 -20"><span class='ocrx_word' id='word_1_54' title='bbox 177 1959 220 2017; x_wconf 84' lang='lat' dir='ltr'><strong>Et</strong></span> <span class='ocrx_word' id='word_1_55' title='bbox 242 1959 414 2037; x_wconf 79' lang='lat' dir='ltr'><strong>pudicitiam</strong></span> <span class='ocrx_word' id='word_1_56' title='bbox 439 1979 508 2017; x_wconf 82' lang='lat' dir='ltr'><strong>suae</strong></span> 
     </span>
     <span class='ocr_line' id='line_1_18' title="bbox 378 2054 1037 2136; baseline 0 -21"><span class='ocrx_word' id='word_1_57' title='bbox 378 2057 487 2115; x_wconf 83' lang='lat' dir='ltr'><strong>Matris</strong></span> <span class='ocrx_word' id='word_1_58' title='bbox 507 2055 618 2115; x_wconf 89' lang='lat' dir='ltr'><strong>indieet</strong></span> <span class='ocrx_word' id='word_1_59' title='bbox 634 2075 692 2116; x_wconf 89' lang='lat' dir='ltr'><strong>ore.</strong></span> <span class='ocrx_word' id='word_1_60' title='bbox 827 2054 885 2114; x_wconf 82' lang='lat'><strong>225</strong></span> <span class='ocrx_word' id='word_1_61' title='bbox 908 2056 991 2136; x_wconf 89' lang='grc'><strong>(218)</strong></span> <span class='ocrx_word' id='word_1_62' title='bbox 1035 2061 1037 2066; x_wconf 86' lang='grc'><strong>’</strong></span> 
     </span>
     <span class='ocr_line' id='line_1_19' title="bbox 180 2153 497 2212; baseline -0.006 0"><span class='ocrx_word' id='word_1_63' title='bbox 180 2153 259 2212; x_wconf 85' lang='lat' dir='ltr'><strong>Telis</strong></span> <span class='ocrx_word' id='word_1_64' title='bbox 281 2153 362 2211; x_wconf 77' lang='lat' dir='ltr'><strong>illius</strong></span> <span class='ocrx_word' id='word_1_65' title='bbox 382 2173 400 2211; x_wconf 83' lang='lat' dir='ltr'><strong>a</strong></span> <span class='ocrx_word' id='word_1_66' title='bbox 420 2154 497 2211; x_wconf 80' lang='lat' dir='ltr'><strong>bone</strong></span> 
     </span>
    </p>
   </div>
   <div class='ocr_carea' id='block_1_4' title="bbox 178 2250 990 3102">
    <p class='ocr_par' dir='ltr' id='par_1_4' title="bbox 178 2250 651 2501">
     <span class='ocr_line' id='line_1_20' title="bbox 178 2250 651 2328; baseline 0 -20"><span class='ocrx_word' id='word_1_67' title='bbox 178 2250 278 2308; x_wconf 80' lang='lat' dir='ltr'><strong>Matre</strong></span> <span class='ocrx_word' id='word_1_68' title='bbox 296 2250 361 2308; x_wconf 81' lang='lat' dir='ltr'><strong>laus</strong></span> <span class='ocrx_word' id='word_1_69' title='bbox 384 2269 476 2326; x_wconf 87' lang='lat' dir='ltr'><strong>genus</strong></span> <span class='ocrx_word' id='word_1_70' title='bbox 496 2251 651 2328; x_wconf 66' lang='lat' dir='ltr'><strong>approbet,</strong></span> 
     </span>
     <span class='ocr_line' id='line_1_21' title="bbox 179 2345 574 2423; baseline 0 -20"><span class='ocrx_word' id='word_1_71' title='bbox 179 2345 387 2416; x_wconf 79' lang='lat' dir='ltr'><strong>Qualisunice</strong></span> <span class='ocrx_word' id='word_1_72' title='bbox 405 2346 441 2402; x_wconf 80' lang='lat' dir='ltr'><strong>ab</strong></span> <span class='ocrx_word' id='word_1_73' title='bbox 462 2346 574 2423; x_wconf 81' lang='lat' dir='ltr'><strong>optimu</strong></span> 
     </span>
     <span class='ocr_line' id='line_1_22' title="bbox 178 2443 581 2501; baseline 0 -1"><span class='ocrx_word' id='word_1_74' title='bbox 178 2444 277 2501; x_wconf 79' lang='lat' dir='ltr'><strong>Matre</strong></span> <span class='ocrx_word' id='word_1_75' title='bbox 292 2443 463 2501; x_wconf 82' lang='lat' dir='ltr'>Telemacho</span> <span class='ocrx_word' id='word_1_76' title='bbox 481 2448 581 2500; x_wconf 85' lang='lat' dir='ltr'><strong>menet</strong></span> 
     </span>
    </p>

    <p class='ocr_par' dir='ltr' id='par_1_5' title="bbox 178 2534 990 2984">
     <span class='ocr_line' id='line_1_23' title="bbox 275 2534 990 2616; baseline 0.003 -24"><span class='ocrx_word' id='word_1_77' title='bbox 275 2603 277 2607; x_wconf 21' lang='lat'><strong><em>¹</em></strong></span> <span class='ocrx_word' id='word_1_78' title='bbox 378 2535 470 2593; x_wconf 82' lang='lat' dir='ltr'><strong>Fame</strong></span> <span class='ocrx_word' id='word_1_79' title='bbox 493 2534 663 2612; x_wconf 86' lang='lat' dir='ltr'><strong>Penelopeo.</strong></span> <span class='ocrx_word' id='word_1_80' title='bbox 828 2535 886 2596; x_wconf 84' lang='lat'><strong>230</strong></span> <span class='ocrx_word' id='word_1_81' title='bbox 907 2535 990 2616; x_wconf 81' lang='lat'>(223)</span> 
     </span>
     <span class='ocr_line' id='line_1_24' title="bbox 180 2632 583 2710; baseline 0 -19"><span class='ocrx_word' id='word_1_82' title='bbox 180 2633 317 2692; x_wconf 72' lang='lat' dir='ltr'><strong>Claudite</strong></span> <span class='ocrx_word' id='word_1_83' title='bbox 334 2633 418 2704; x_wconf 86' lang='lat' dir='ltr'><strong>ostie,</strong></span> <span class='ocrx_word' id='word_1_84' title='bbox 434 2632 583 2710; x_wconf 88' lang='lat' dir='ltr'><strong>virgines:</strong></span> 
     </span>
     <span class='ocr_line' id='line_1_25' title="bbox 178 2728 620 2800; baseline -0.005 -11"><span class='ocrx_word' id='word_1_85' title='bbox 178 2731 318 2789; x_wconf 87' lang='lat' dir='ltr'><strong>Lusimus</strong></span> <span class='ocrx_word' id='word_1_86' title='bbox 337 2730 416 2788; x_wconf 80' lang='lat' dir='ltr'><strong>setis.</strong></span> <span class='ocrx_word' id='word_1_87' title='bbox 472 2728 620 2800; x_wconf 72' lang='lat' dir='ltr'><strong>Atheni</strong></span> 
     </span>
     <span class='ocr_line' id='line_1_26' title="bbox 179 2827 595 2905; baseline -0.01 -17"><span class='ocrx_word' id='word_1_88' title='bbox 179 2829 334 2905; x_wconf 68' lang='lat' dir='ltr'><strong>conjuges,</strong></span> <span class='ocrx_word' id='word_1_89' title='bbox 355 2828 429 2886; x_wconf 87' lang='lat' dir='ltr'>bene</span> <span class='ocrx_word' id='word_1_90' title='bbox 449 2827 543 2884; x_wconf 86' lang='lat' dir='ltr'><strong>vivite</strong></span> <span class='ocrx_word' id='word_1_91' title='bbox 563 2832 595 2884; x_wconf 92' lang='lat' dir='ltr'><strong>et</strong></span> 
     </span>
     <span class='ocr_line' id='line_1_27' title="bbox 178 2923 607 2984; baseline -0.005 -1"><span class='ocrx_word' id='word_1_92' title='bbox 178 2925 305 2984; x_wconf 86' lang='lat' dir='ltr'><strong>Munere</strong></span> <span class='ocrx_word' id='word_1_93' title='bbox 323 2924 439 2983; x_wconf 75' lang='lat' dir='ltr'><strong>assidue</strong></span> <span class='ocrx_word' id='word_1_94' title='bbox 458 2923 607 2982; x_wconf 74' lang='lat' dir='ltr'><strong>valentem</strong></span> 
     </span>
    </p>

    <p class='ocr_par' dir='ltr' id='par_1_6' title="bbox 380 3017 990 3102">
     <span class='ocr_line' id='line_1_28' title="bbox 380 3017 990 3102; baseline 0.01 -25"><span class='ocrx_word' id='word_1_95' title='bbox 380 3017 522 3078; x_wconf 80' lang='lat' dir='ltr'><strong>Exeroete</strong></span> <span class='ocrx_word' id='word_1_96' title='bbox 540 3020 704 3097; x_wconf 74' lang='lat' dir='ltr'><strong>juventam.</strong></span> <span class='ocrx_word' id='word_1_97' title='bbox 828 3017 884 3080; x_wconf 79' lang='lat'><strong>235</strong></span> <span class='ocrx_word' id='word_1_98' title='bbox 907 3021 990 3102; x_wconf 65' lang='lat'>(228)</span> 
     </span>
    </p>
   </div>
   <div class='ocr_carea' id='block_1_5' title="bbox 479 3151 612 3294">
    <p class='ocr_par' dir='ltr' id='par_1_7' title="bbox 479 3151 612 3294">
     <span class='ocr_line' id='line_1_29' title="bbox 499 3151 594 3204; baseline 0 0"><span class='ocrx_word' id='word_1_99' title='bbox 499 3151 594 3204; x_wconf 88' lang='lat' dir='ltr'>LXII.</span> 
     </span>
     <span class='ocr_line' id='line_1_30' title="bbox 479 3233 612 3294; baseline 0.023 -3"><span class='ocrx_word' id='word_1_100' title='bbox 479 3233 612 3294; x_wconf 78' lang='lat' dir='ltr'><strong>Juueues.</strong></span> 
     </span>
    </p>
   </div>
   <div class='ocr_carea' id='block_1_6' title="bbox 98 3330 963 3422">
    <p class='ocr_par' dir='ltr' id='par_1_8' title="bbox 98 3330 963 3422">
     <span class='ocr_line' id='line_1_31' title="bbox 98 3330 963 3422; baseline 0 -30"><span class='ocrx_word' id='word_1_101' title='bbox 98 3333 214 3411; x_wconf 86' lang='lat' dir='ltr'><strong>Vesper</strong></span> <span class='ocrx_word' id='word_1_102' title='bbox 237 3331 321 3392; x_wconf 71' lang='lat' dir='ltr'><strong>adest</strong></span> <span class='ocrx_word' id='word_1_103' title='bbox 338 3332 472 3409; x_wconf 86' lang='lat' dir='ltr'><strong>juvenes,</strong></span> <span class='ocrx_word' id='word_1_104' title='bbox 495 3330 678 3407; x_wconf 81' lang='lat' dir='ltr'><strong>consurgite:</strong></span> <span class='ocrx_word' id='word_1_105' title='bbox 698 3331 813 3422; x_wconf 79' lang='lat' dir='ltr'><strong>Vesper</strong></span> <span class='ocrx_word' id='word_1_106' title='bbox 836 3331 963 3411; x_wconf 87' lang='lat' dir='ltr'><strong>Olympo</strong></span> 
     </span>
    </p>
   </div>
   <div class='ocr_carea' id='block_1_7' title="bbox 0 0 1180 3822">
    <p class='ocr_par' dir='ltr' id='par_1_9' title="bbox 0 0 1180 3822">
     <span class='ocr_line' id='line_1_32' title="bbox 0 0 1180 3822; baseline 0 0"><span class='ocrx_word' id='word_1_107' title='bbox 0 0 1180 3822; x_wconf 95' lang='lat' dir='ltr'><strong> </strong></span> 
     </span>
    </p>
   </div>
  </div>
 </body>
</html>
