2350 3822
190 302 228 360 10
523 302 752 365 OATULLUS.

188 483 251 540 Nec
274 501 305 540 se
329 481 466 540 sublevat
486 499 525 539 ex
548 501 601 540 sua
622 489 714 558 parte,
740 483 793 540 sed
815 483 900 541 velut
918 483 1006 544 alnus

188 579 226 635 In
249 579 327 636 fossa
350 577 456 654 Liguri
474 579 555 654 jacet
578 585 757 654 suppernata
781 581 885 652 securi,

187 671 373 728 Tantundem
400 669 500 728 omnia
526 671 656 728 sentiens
683 690 772 748 quam
798 671 827 730 si
852 672 936 732 nulla
969 671 1011 732 sit
1039 693 1085 731 us-

269 786 367 844 quam
1047 770 1084 828 20
1157 767 1158 840 i

187 863 267 922 Talis
286 864 343 921 iste
363 883 445 921 meus
465 868 569 940 stupor
587 863 631 920 nil
652 864 742 936 videt,
763 864 839 922 nihil
859 863 952 938 audit,

187 961 256 1038 Ipse
288 961 341 1038 qui
373 960 422 1033 sit,
457 966 559 1018 utrum
594 960 634 1020 sit
670 979 710 1018 an
742 980 803 1018 uon
835 961 884 1035 sit,
910 962 942 1020 id
970 981 1085 1040 quoquo

267 1057 368 1114 nescit

186 1155 276 1212 Nunc
299 1174 368 1213 eum
391 1154 459 1213 volo
483 1153 519 1212 de
542 1160 596 1213 tuo
619 1161 708 1231 ponto
731 1155 851 1214 mittere
874 1175 1009 1233 pronum,

187 1253 220 1310 Si
241 1259 309 1329 pote
331 1252 471 1312 stolidum
492 1257 613 1328 repente
636 1252 765 1310 excitare
788 1259 953 1326 veternum,

186 1349 228 1406 Et
284 1349 423 1426 supinum
480 1349 613 1406 animum
661 1348 694 1405 in
744 1351 830 1425 gravi
883 1351 1085 1428 derelinquere

269 1465 367 1518 caeno,
1047 1449 1084 1504 25

187 1543 323 1600 Ferream
346 1547 382 1598 ut
405 1541 514 1599 soleam
536 1542 641 1600 tenaci·
657 1542 691 1600 in
714 1543 855 1619 voragine
877 1544 965 1602 mula.

582 1721 685 1778 XXII.
708 1755 711 1764 .

187 1843 323 1902 Suffenus
345 1843 409 1915 iste,
435 1840 524 1915 Vare,
547 1861 635 1920 quem
656 1830 753 1920 probe‘
766 1827 855 1945 ubsti,

186 1940 287 1998 Homo
312 1946 357 1998 est
378 1945 521 1998 venustus
545 1945 576 2002 et
597 1939 690 2030 dicam
704 1931 743 1999 et‘
758 1943 897 2016 urbanus,

185 2037 327 2113 Idemque
349 2037 435 2114 longe
459 2036 600 2113 plurimos
621 2037 694 2095 facit
715 2024 823 2096 ve‘rsus.

186 2133 264 2191 Puto
286 2153 349 2192 esse
370 2152 424 2210 ego
447 2133 494 2190 illi
517 2133 601 2191 milia
623 2140 675 2192 aut
699 2134 799 2192 decem
822 2142 876 2193 aut
899 2135 986 2212 plura

188 2230 363 2306 Perscripta,
389 2249 451 2303 nec,
478 2229 556 2288 sicut
578 2229 621 2303 fit,
646 2230 680 2287 in
701 2231 890 2307 palimpsesto
1068 2236 1085 2293 ὗ

184 2327 312 2385 Relata:
346 2332 445 2384 cartae
466 2326 571 2402 regiae,
594 2326 667 2384 novi
689 2327 768 2400 libri,

185 2423 266 2480 Novi
289 2424 432 2496 umbilici,
456 2423 521 2480 lora
543 2424 641 2495 rubra,
666 2424 862 2499 membranae,

184 2519 310 2578 Derecta
332 2520 454 2597 plumbo
477 2521 646 2596 etpumice
670 2521 769 2579 omnia
789 2518 920 2599 aequata

184 2616 268 2674 Haec
292 2636 359 2675 cum
383 2618 463 2694 legas
487 2623 529 2689 tu,
552 2617 647 2676 bellus
670 2617 723 2675 ille
746 2625 777 2676 et
799 2620 930 2680 urbanus

185 2712 323 2771 Suffenus
344 2734 422 2772 unus
446 2714 643 2791 caprimulgus
667 2721 720 2772 aut
743 2715 837 2774 fossor
1042 2697 1087 2778 ‘10

183 2811 299 2868 Rursus
322 2810 461 2870 videtur:
494 2817 613 2869 tantum
636 2811 774 2870 abhorret
798 2811 959 2872 ao'mutat
1015 2843 1022 2850 ·

183 2905 251 2964 Hoc
272 2907 345 2984 quid
364 2914 502 2984 putemus
526 2909 607 2966 esset
646 2909 699 2984 qui
722 2910 809 2968 modo
832 2929 940 2983 scurra,
980 2950 983 2956 ·

182 3002 248 3060 Aut
275 3004 301 3061 si
322 3004 394 3080 quid
415 3005 471 3062 hac
492 3024 524 3062 re
549 3005 659 3084 ‘Q’
682 3006 846 3080 videbatur,

183 3099 268 3158 Idem
291 3100 419 3160 infaceto
444 3107 488 3159 est
511 3101 666 3160 infacetior
689 3122 758 3160 rure

183 3197 277 3255 Simul
299 3204 435 3276 poemata
459 3197 568 3274 attigit,
592 3218 686 3274 neque
703 3199 783 3257 idem
798 3220 930 3276 unquam
1048 3203 1088 3261 15

181 3293 286 3372 Aeque
310 3300 355 3353 est
378 3295 482 3352 beatus
505 3313 539 3352 ac
560 3314 663 3370 poema
686 3315 753 3354 cum
774 3297 894 3356 scribit:
