2350 3822
516 275 744 336 OATULLUS,

585 505 674 562 ΧΙΠ.

262 625 387 686 Cenabis
407 627 490 697 bene,
512 625 554 685 mi
575 625 707 699 Fabulle,
730 625 810 702 apud
830 645 878 684 me

261 722 376 794 Paucis,
398 722 425 780 si
444 722 501 779 tibi
520 721 563 779 dii
582 722 695 794 favent,
716 721 829 792 diebus,
854 705 855 710 ἵ
931 755 933 766 1

262 819 295 877 Si
313 825 411 878 tecum
432 819 569 877 attuleris
590 819 697 877 bonam
718 824 808 894 atque
828 837 967 894 magnam

263 915 381 990 Cenem,
403 936 464 974 non
484 917 548 974 sine
568 916 692 974 eandida
712 916 811 992 puella

262 1014 303 1072 Et
323 1014 394 1071 vino
414 1020 445 1072 et
465 1014 525 1071 sale
546 1020 577 1072 et
597 1007 734 1071 omnibus
755 1013 912 1072 cachinnis.
1047 1004 1079 1070 '5

262 1111 347 1169 Haeo
367 1110 400 1184 si,
423 1111 553 1186 inquam,
576 1110 722 1183 attuleris,
746 1116 870 1168 venuste
890 1114 1000 1182 noster,

264 1207 389 1266 Cenabis
409 1207 503 1266 bene:
531 1227 600 1266 nam
620 1208 668 1266 tui
689 1207 801 1266 Oatulli

262 1305 374 1363 Plenus
394 1304 526 1362 sacculus
547 1309 592 1362 est
612 1324 793 1362 aranearum.

264 1401 321 1461 Sed
341 1406 444 1460 eontra
464 1401 588 1478 accipies
608 1420 703 1459 meros
724 1420 837 1459 amores

263 1499 322 1558 Seu
342 1498 414 1577 quid
435 1499 556 1556 suavius
577 1498 778 1575 elegantiusve
799 1504 851 1556 est.

262 1596 343 1654 Nam
362 1601 550 1672 unguentum
570 1596 653 1668 dabo,
675 1597 754 1673 quod
773 1616 855 1654 meae
877 1595 991 1672 puellae

263 1693 423 1751 Donarnnt
442 1692 575 1750 Veneres
592 1692 819 1768 Cupidinesque,

265 1789 351 1859 Quod
370 1794 405 1846 tu
425 1808 492 1846 oum
514 1789 639 1862 olfacies,
661 1789 730 1847 deos
750 1790 866 1866 rogabis

264 1885 373 1943 Totum
392 1891 478 1943 utto
498 1884 616 1959 saciant,
639 1886 770 1960 Fabulle,
792 1905 906 1945 nasum.

592 2096 676 2150 XIV.

264 2219 308 2277 Ni
327 2224 358 2277 te
378 2220 446 2296 plus
465 2219 557 2277 oeulis
577 2217 652 2276 meis
672 2237 810 2291 amarem,

263 2316 483 2376 Juoundissime
504 2315 602 2388 Calue,
624 2334 746 2374 munere
765 2317 823 2373 isto

265 2413 400 2472 Odissem
420 2420 450 2470 te
471 2413 537 2471 odio
557 2412 730 2471 Vatiniano.

264 2510 345 2569 Nam
365 2511 438 2587 quid
457 2510 514 2568 feei
534 2529 586 2587 ego
607 2510 715 2586 quidve
736 2529 801 2567 sum
821 2508 936 2567 loeutus

266 2608 327 2666 Our
346 2628 393 2666 me
412 2613 459 2665 tot
478 2608 554 2665 male
575 2607 709 2684 perderes
728 2608 842 2684 poetisl
1067 2611 1086 2667 5

265 2703 321 2762 Isti
342 2705 384 2761 dii
404 2704 481 2761 mala
501 2705 596 2762 multa
616 2704 689 2762 dent
708 2705 810 2762 clienti

266 2800 326 2871 Qui
345 2806 463 2858 tantum
483 2802 539 2859 tibi
558 2803 641 2860 misit
661 2802 825 2879 impiorum.

266 2893 406 2966 Quodsi,
428 2901 463 2952 ut
483 2895 622 2971 suspicor,
644 2894 698 2952 hoo
719 2914 830 2953 novum
851 2915 885 2954 ao
904 2900 1058 2972 repertum

266 2991 380 3050 Munus
400 2991 452 3049 dut
470 2990 528 3049 tibi
549 2991 632 3049 Sulla
652 2991 812 3065 litterator,

265 3089 337 3147 Non
357 3094 402 3147 est
423 3088 464 3146 mi
484 3088 560 3146 male
580 3088 631 3146 sed
651 3088 725 3146 bene
745 3109 778 3146 ac
799 3091 891 3164 beate,
1047 3091 1087 3152 10

266 3185 352 3256 Quod
372 3204 433 3259 non
456 3185 626 3261 dispereunt
650 3185 697 3242 tui
718 3185 840 3245 labores.

266 3282 320 3341 Dii
338 3281 449 3360 magni,
471 3281 643 3339 horribilem
667 3287 697 3339 et
718 3300 832 3340 sacrum
857 3282 1000 3355 libellum,
