2380 3824
527 315 754 375 CATULLUS.

594 499 684 556 XCV.

188 623 320 695 Zmyrna
339 619 398 678 mei
419 618 538 692 Cinnas,
560 639 668 678 nonam
689 625 755 698 post
775 621 902 698 denique
921 641 1049 680 messem

234 717 329 787 Quam
350 723 452 796 coepta
472 724 516 775 cst
536 737 702 794 nonamque
723 717 802 776 edita
822 724 889 794 post
909 718 1047 791 hiemem,
1162 735 1163 782 ζ

194 814 282 871 Milia
301 833 368 872 cum
389 814 502 871 interca
522 814 685 890 quingenta
705 814 887 873 Hortensius
908 834 969 873 uno

189 1011 320 1083 Zmyrna
333 1027 418 1065 cavas
433 1007 567 1066 Satrachi
581 1008 700 1084 penitus
715 1008 851 1066 mittetur
864 1008 902 1065 ad
915 1009 1019 1079 undas,
1076 1010 1092 1064 5

231 1107 390 1180 Zmyrnam
410 1123 483 1163 cana
503 1105 556 1162 diu
575 1105 689 1164 saecula
709 1105 889 1182 pervoluent

195 1203 239 1258 At
258 1202 366 1259 Volusi
386 1202 504 1260 annales
525 1201 658 1259 Paduam
678 1202 843 1259 morientur
862 1201 900 1258 ad
920 1202 1015 1278 ipsam

235 1299 276 1357 Et
295 1299 377 1356 laxas
398 1299 538 1356 scombris
558 1317 643 1375 saepe
664 1299 778 1356 dabunt
798 1299 921 1357 tunicas.

196 1396 292 1452 Parva
311 1395 370 1452 mei
389 1395 465 1452 mihi
485 1395 546 1452 sint
565 1395 646 1453 cordi
666 1401 881 1453 monumenta.
903 1439 910 1454 .
935 1439 942 1453 .
964 1441 970 1453 .

235 1495 280 1550 At
299 1492 424 1570 populus
444 1492 559 1550 tumido
578 1491 705 1568 gaudeat
724 1492 914 1550 Antimacho.
1058 1491 1095 1550 10

591 1701 697 1756 XCVI.

172 1961 175 1969 ·
235 1919 377 1977 Accidere
397 1939 415 1975 a
435 1925 543 1990 nostro,
566 1919 665 1990 Calvo,
688 1920 787 1977 doloro
807 1924 912 1995 potest,

195 2016 272 2076 Cum
291 2017 434 2075 desiderio
455 2024 568 2076 vetares
588 2039 763 2078 renovamus
783 2040 896 2078 amores

235 2118 336 2194 Atque
356 2115 427 2172 olim
447 2115 550 2172 missas
569 2115 673 2172 flemus
693 2113 845 2185 amicitias,

198 2216 283 2272 Certe
302 2233 363 2271 non
382 2217 467 2270 tanto
487 2231 565 2268 mors
584 2211 744 2267 immatura
765 2209 859 2267 dolori
879 2215 925 2267 est
1077 2210 1096 2268 5
1166 2189 1167 2226 ἢ

238 2308 408 2382 Quintiliae,
430 2314 575 2384 quantum
594 2307 703 2383 gaudet
723 2325 821 2364 amoro
841 2312 902 2363 tuo.

197 1825 228 1881 si
249 1823 405 1900 quicquam
425 1822 517 1881 mutis
536 1829 654 1899 gratum
674 1828 864 1900 acceptumve
884 1823 1025 1900 sepulcris

588 2515 698 2570 XCIX.

198 2638 332 2716 Surripui
352 2639 416 2710 tibi,
439 2639 510 2695 dum
530 2637 616 2706 ludis,
638 2635 750 2694 mellite
770 2635 791 2692 J
793 2633 905 2705 urenti,

237 2732 387 2791 Sariolum
407 2731 487 2789 dulci
507 2731 621 2790 dulcius
641 2731 793 2790 ambrosia.

197 2833 311 2891 Verum
328 2830 360 2887 id
377 2848 438 2887 non
455 2829 575 2905 impune
596 2828 672 2900 tuli3
692 2846 819 2903 namque
843 2827 969 2904 amplius
991 2827 1097 2886 horam

237 2929 382 2988 Suffixum
403 2925 437 2982 in
457 2943 573 2983 summa
592 2943 639 2982 me
660 2924 782 2981 memini
802 2943 864 2982 esse
885 2943 978 2994 cruce,

196 3027 277 3086 Dum
298 3023 354 3083 tibi
374 3042 421 3080 me
440 3041 533 3098 purgo
552 3041 606 3078 nec
625 3039 743 3097 possum
764 3020 881 3077 flet-ibus
901 3020 971 3078 ullis
1077 3022 1096 3079 5

235 3120 398 3180 Tantillum
418 3126 533 3176 vestrae
553 3118 669 3175 domare
689 3116 835 3174 saevitiae.

196 3219 277 3277 Nam
297 3217 385 3275 simul
404 3216 437 3272 id
456 3215 567 3272 factum
587 3221 639 3285 est,
662 3213 764 3270 multis
784 3213 880 3271 diluta
900 3213 1007 3272 labella

237 3314 340 3375 Gutus
359 3310 522 3372 abstersisti
542 3311 678 3368 omuibus
698 3310 839 3374 articulis.
