2380 3824
207 339 244 397 64
539 339 766 400 OATULLUS.

205 519 303 588 Quare
323 519 378 576 hoo
398 525 443 578 est
462 528 589 596 gratum,
611 520 696 578 nobis
716 511 833 595 quoque
847 516 943 575 carius
963 535 1045 586 auro,

245 615 331 686 Quod
350 622 381 675 te
400 616 540 688 restituis,
564 615 679 687 lesbia,
700 615 742 672 mi
761 614 873 691 cupido.

204 709 350 770 Restituis
373 712 479 789 cupido
500 718 589 788 atque
610 711 793 788 insperantit
816 711 879 787 ipsa
899 709 991 768 refers
1010 715 1043 767 te
1082 711 1100 766 5

244 809 358 868 Nobis‘t
379 829 397 867 o
417 810 511 868 lucem
531 809 698 868 candidiore
717 814 795 866 nota

204 905 279 976 Quis
297 925 346 964 me
365 926 425 964 uno
446 907 523 964 vivit
543 907 662 978 felicior,
685 912 737 963 aut
757 905 850 980 magis
870 905 924 963 hae
944 924 992 962 me
1012 910 1060 963 est

243 1003 399 1078 Optandus
418 1003 500 1061 vitat
521 1003 616 1060 dioere
629 1002 703 1079 ⁴quis
723 1001 852 1078 poterit?

550 1229 554 1236 ,
592 1169 702 1226 ov111.

201 1288 243 1361 Si,
265 1289 390 1361 Comini,
411 1290 514 1366 populi
533 1290 657 1348 arbitrio
676 1296 729 1348 tua
749 1309 822 1347 cana
841 1296 975 1347 senectus

241 1387 384 1462 Spuroata
403 1387 528 1465 impuris
548 1387 678 1445 moribus
698 1387 833 1458 intereat,

200 1485 271 1542 Non
291 1486 427 1562 equidem
446 1485 551 1543 dubito
571 1486 644 1561 quin
664 1485 792 1560 primum
812 1484 931 1542 inimica
950 1485 1096 1543 bonorum

239 1581 355 1657 Lingua
375 1587 491 1640 exseeta
510 1581 598 1639 avido
619 1581 659 1638 sit
678 1581 748 1638 deta
767 1580 904 1651 volturio,

200 1677 327 1736 Effossos
348 1679 447 1737 oeulos
466 1685 553 1736 vorat
572 1684 637 1736 atro
656 1683 778 1753 gutture
798 1696 912 1748 corvus,
994 1696 996 1700 ·
1077 1678 1095 1735 5
1169 1715 1170 1718 =

239 1772 385 1832 Intestina
405 1794 498 1848 oanes,
520 1781 617 1833 oetera
636 1775 767 1832 membra
785 1774 856 1851 lupi

604 1945 682 2001 OIX.

197 2067 218 2126 J
220 2067 378 2142 uoundum,
399 2088 464 2127 mea
483 2069 556 2141 vita,
576 2069 651 2127 mihi
670 2069 808 2146 proponis
827 2088 954 2128 amorem
987 2095 991 2100 ·

238 2165 330 2222 Hune
350 2171 484 2223 nostrum
504 2167 656 2224 internos
675 2171 907 2243 perpetuumque
927 2166 995 2226 fore

197 2261 251 2318 Dii
270 2262 377 2338 magni,
399 2262 486 2320 facite
506 2268 541 2319 ut
560 2281 629 2320 vere
649 2263 821 2340 promittere
839 2261 932 2339 possit

237 2359 340 2436 Atque
361 2358 393 2416 id
413 2361 524 2418 sineere
544 2360 623 2418 dieat
643 2365 673 2418 et
693 2379 730 2416 ex
750 2358 856 2431 animo,

198 2454 245 2512 Ut
265 2455 352 2513 liceat
371 2456 456 2513 nobis
477 2462 541 2514 tote
561 2457 717 2533 perducere
737 2457 800 2514 vita
1073 2460 1091 2517 5

236 2552 402 2610 Aeternum
423 2552 477 2610 hoo
497 2559 613 2612 sanotae
633 2553 735 2611 foedus
755 2553 907 2613 amicitiae.

589 2724 696 2780 CXIV.

196 2841 334 2900 Firmano
354 2843 432 2901 saltu
452 2863 511 2902 non
531 2844 605 2902 falso
626 2844 765 2903 Mentula
784 2845 866 2904 dives

236 2940 352 3012 Fertur,
372 2941 425 3017 qui
444 2947 491 2999 tot
514 2960 560 2999 res
579 2941 613 2998 in
632 2961 663 3000 se
682 2942 772 3000 habet
791 2943 927 3020 egregiae,

194 3036 333 3112 Aucupia
353 3055 439 3094 omne
458 3056 559 3114 genus,
581 3037 682 3114 pisces,
706 3045 799 3116 prata,
822 3059 900 3112 arva,
922 3041 1063 3119 serusque

234 3133 442 3210 Nequiquam:
461 3134 576 3192 fruetus
596 3136 763 3212 sumptibus
783 3145 947 3212 exsuperat.

194 3229 292 3299 Quare
313 3229 437 3288 oonoedo
457 3231 497 3288 sit
518 3231 607 3303 dives,
630 3232 700 3290 dum
721 3232 820 3290 omnia
840 3234 955 3294 desint:
1070 3237 1088 3293 5

234 3327 349 3385 Saltum
368 3327 529 3399 laudemus,
550 3321 622 3384 dum
643 3329 728 3388 modo
748 3329 811 3406 ips'e
830 3337 921 3408 egeat
