2380 3824
450 341 678 402 OATULLUS.

119 525 189 604 Ipsa
209 545 295 585 suum
317 524 486 601 Zephyritis
507 543 541 582 eo
559 522 705 580 famulum
724 521 844 597 legarat,

158 622 249 684 Graia
270 621 414 698 Canopeis
433 622 529 680 incola
548 620 693 678 litoribus.

118 719 173 778 Hii
194 721 237 778 dii
256 739 315 778 uen
334 719 378 776 ibi
398 719 480 776 vario
499 737 538 776 ne
558 718 653 776 solum
672 716 706 774 in
725 714 828 772 limine
848 711 921 770 caeli

159 817 207 876 Ex
226 816 384 876 Ariadneis
404 835 493 873 aurea
512 815 694 890 temporibus
976 808 1013 865 60
1064 869 1066 873 ,

118 914 195 972 Fixa
214 933 321 972 corona
340 912 424 984 foret,
446 912 496 970 sed
516 931 570 969 nos
590 929 705 987 quoque
725 909 903 985 fulgeremus

159 1010 293 1070 Devotae
313 1009 385 1068 flavi
404 1009 524 1066 verticis
544 1005 676 1080 exuviae,
704 992 710 1008 ⁸

119 1107 286 1167 Uvidulum
305 1128 324 1164 a
343 1106 435 1164 fluctu
456 1106 606 1164 cedentem
626 1105 664 1162 ad
683 1105 793 1182 templa
813 1108 900 1164 deum
921 1125 967 1165 me

161 1204 250 1264 Sidus
270 1205 303 1261 in
323 1203 454 1280 antiquis
474 1203 543 1260 diva
563 1222 674 1261 novum
694 1204 792 1279 posuit
801 1226 810 1278 3

93 1364 96 1370 ,
117 1301 255 1378 Virginis
275 1308 306 1360 et
325 1301 406 1359 saevi
427 1300 599 1377 contingens
619 1319 746 1375 namque
767 1301 875 1360 Leonis
977 1303 1013 1358 65

158 1398 294 1471 Lumina,
318 1398 441 1456 Callisto
457 1397 547 1473 juxta
567 1395 753 1472 Lycaoniam,

117 1497 230 1556 Vertor
249 1495 282 1554 in
302 1514 442 1566 occasum,
465 1494 584 1551 tardum
604 1495 666 1550 dux
687 1501 757 1552 anto
777 1495 892 1552 Booten

159 1593 220 1663 Qui
239 1592 293 1649 vix
312 1610 377 1648 sero
397 1590 457 1647 alto
477 1589 621 1665 mergitur
641 1589 764 1672 Oceano.

117 1690 177 1750 Sed
197 1708 365 1767 quanquam
386 1706 432 1770 me
453 1693 538 1744 nocte
559 1693 699 1763 premunt
718 1687 844 1764 vestigia
863 1688 974 1760 divum,

159 1788 227 1845 Lux
247 1795 346 1845 autem
366 1805 454 1844 canam
475 1779 583 1860 Tethyi
602 1785 774 1844 restituit—
975 1785 1013 1846 70

116 1885 195 1942 Pace
215 1889 268 1942 tua
287 1882 345 1940 fari
363 1882 411 1940 hic
432 1881 526 1953 liceat,
541 1881 727 1940 Rhamnusia
747 1881 838 1958 virgo,

50 1985 52 1989 '
157 1979 294 2058 Namque
315 1999 368 2057 ego
389 1998 449 2037 non
469 1979 531 2036 ullo
551 1999 633 2060 vera·
642 1961 746 2036 timore
766 1985 871 2055 tegam,

115 2075 181 2138 Nec
201 2078 228 2135 si
248 2097 295 2136 me
315 2076 432 2136 infestis
452 2076 619 2152 discerpent
639 2075 734 2134 sidera
753 2077 840 2134 dictis

157 2175 286 2235 Condita
306 2174 359 2250 qui
378 2173 442 2230 veri
462 2173 588 2249 pectoris
609 2173 753 2230 evoluo-

115 2271 185 2331 Non
199 2272 247 2331 his
261 2277 323 2330 tam
337 2271 429 2329 laetor
442 2271 537 2341 rebus,
553 2290 642 2346 quam
657 2289 703 2328 me
716 2271 796 2328 afore
810 2291 931 2348 semper,
974 2271 1011 2331 75

157 2369 250 2427 Afore
271 2388 318 2426 me
339 2388 356 2426 a
377 2368 511 2425 dominae
532 2367 641 2424 vertice
662 2367 826 2440 discrucior,

115 2467 245 2536 Quicum
266 2485 318 2542 ego
339 2465 411 2522 dum
430 2464 514 2540 virgo
528 2464 674 2539 quondam
687 2464 747 2522 fuit
760 2465 895 2524 omnibus
909 2485 1011 2543 expers

156 2562 328 2640 Unguentis
349 2545 410 2619 una
428 2561 511 2618 milia
531 2561 626 2618 multa
646 2561 715 2619 bibi.

115 2662 207 2719 Nunc
226 2679 288 2731 vos,
310 2664 411 2736 optato
432 2677 504 2734 quas
521 2658 625 2734 junxit
644 2656 755 2716 lumine
776 2660 870 2733 taeda,
881 2709 895 2767 l

155 2757 186 2817 N
188 2777 224 2815 on
244 2763 312 2834 pest
332 2755 480 2813 unanimis
500 2774 620 2831 corpora
640 2755 813 2832 conjugibus
861 2753 882 2809 l
933 2737 1011 2816 ‘QO

114 2856 244 2926 Tradite,
267 2854 413 2911 nudantes
433 2853 541 2928 rejecta
561 2858 643 2910 vesto
662 2853 793 2928 papillas,
1003 2851 1005 2858 ’
1158 2890 1165 2940 ,

152 2952 237 3022 Qiain
260 2949 391 3028 jucunda
414 2950 488 3006 mihi
511 2967 633 3006 munera
656 2949 730 3008 libet
753 2969 840 3026 onyx,
909 2889 1162 3061 &iamdicti

112 3049 224 3120 Vester
247 3068 334 3123 onyx,
363 3052 443 3106 casto
463 3045 578 3123 pehtis·
591 3065 666 3122 quae
689 3047 759 3122 jura
782 3048 880 3108 cubili.
933 3017 1093 3129 winidi

155 3145 221 3218 Sed,
247 3163 322 3220 quae
345 3163 376 3202 se
399 3144 515 3220 impuro
539 3143 622 3201 dedit
645 3143 798 3218 adulterio,

111 3244 201 3301 Illius
225 3245 262 3300 al
284 3242 362 3299 mala
385 3241 461 3299 dona
484 3240 558 3298 levis
581 3240 665 3298 bibat
686 3239 771 3300 irrita
794 3243 900 3319 pulvis,
971 3245 1010 3304 85

154 3341 291 3416 Namque
315 3357 369 3416 ego
391 3339 429 3396 ab
453 3338 581 3414 indignis
605 3338 736 3414 praemia
760 3339 842 3396 nulla
868 3347 942 3416 peto.
