2350 3822
412 304 641 365 OATULLUS.

79 483 146 543 Tali
165 490 271 557 mente,
294 486 371 556 deae,
393 481 524 543 funestet
544 505 633 562 seque
653 485 814 562 suosquet‘

120 581 188 640 Hes
208 587 362 658 postquam
382 587 493 639 maesto
513 582 645 658 profudit
666 589 782 659 pectore
803 602 895 656 voces,

80 679 264 757 Supplicium
283 678 379 736 saevis
399 698 558 755 exposcens
578 679 667 738 anxia
687 680 780 752 factis,
823 659 826 674 .

80 777 201 835 Annuit
220 775 333 846 invicto
353 775 511 833 caelestum
531 777 653 834 numine
674 783 776 849 rector,
918 778 975 836 205

80 873 149 944 Quo
169 879 241 931 tunc
261 877 292 930 et
312 872 401 928 tellus
421 879 511 948 atque
531 873 651 931 horrida
671 880 872 932 contremuere

80 970 222 1046 Aequora
241 968 444 1046 concussitque
465 970 606 1028 micantia
626 971 724 1028 sidera
744 971 880 1030 mundus.

80 1067 151 1144 Ipse
170 1074 270 1126 autem
290 1086 374 1126 caeca
394 1072 524 1124 mentem
544 1068 668 1144 caligine
689 1066 818 1126 Theseus

82 1163 220 1222 Oonsitua
240 1164 332 1221 oblito
353 1163 466 1221 dimisit
486 1170 603 1241 pectore
624 1170 737 1237 cuncta,

81 1261 164 1332 Quae
183 1261 323 1319 mandata
342 1261 425 1337 prius
446 1261 595 1319 constanti
614 1268 713 1320 mente
734 1262 855 1320 tenebat
863 1283 872 1335 ;
918 1263 976 1322 210

80 1356 188 1418 Dulcia
207 1377 260 1415 nec
280 1363 391 1415 maesto
411 1357 568 1416 sustollens
589 1357 672 1434 signa
692 1357 808 1434 parenti
835 1419 836 1423 ,

81 1455 226 1532 Sospitem
248 1453 447 1512 Erechtheum
467 1473 498 1512 se
519 1455 649 1512 ostendit
668 1455 763 1514 visere
784 1463 909 1532 portum.

80 1550 216 1628 Namque
236 1551 338 1610 ferunt
359 1551 437 1623 olim,
460 1552 633 1610 classicum
654 1553 770 1612 moenia
790 1554 876 1612 divae

80 1646 278 1724 Linquentem
298 1653 403 1706 natum
423 1647 521 1707 ventis
542 1649 727 1708 concrederet
748 1651 875 1728 Aegeus,

80 1745 164 1804 Talia
183 1746 368 1822 complexum
385 1745 491 1822 juveni
512 1746 650 1804 mandata
672 1747 793 1806 dedisse.
918 1749 975 1807 215

122 1841 313 1916 ‘Natqmihi
332 1843 419 1918 longa
435 1842 595 1918 jucundior
615 1843 701 1902 unice
723 1845 794 1917 vita,

81 1938 233 2016 Nate,ego
254 1958 340 2016 quem
361 1940 394 1996 in
413 1939 517 1998 dubios
537 1960 624 2016 cogor
644 1940 795 2000 dimittere
816 1961 906 2014 casus,

81 2036 207 2097 Reddite
226 2037 260 2094 in
280 2042 412 2095 extrema
431 2056 527 2113 nuper
546 2037 620 2094 mihi
640 2038 699 2096 fine
720 2045 861 2112 senectae,

82 2133 326 2210 Quandoquidem
346 2133 466 2192 fortuna
485 2153 551 2192 mea
571 2155 604 2192 ac
625 2141 678 2192 tua
698 2135 813 2193 fervida
833 2136 930 2196 virtus

81 2232 180 2308 Eripit
199 2231 295 2288 invito
316 2231 390 2288 mihi
410 2237 448 2302 te,
471 2231 518 2289 cui
539 2231 679 2307 languida
700 2232 832 2290 nondum
918 2235 975 2292 220

80 2328 208 2386 Lumine
228 2333 299 2385 sunt
318 2327 383 2384 nati
403 2348 470 2386 cara
490 2335 622 2386 saturata
642 2329 743 2404 figura,

80 2423 150 2484 Non
171 2444 224 2502 ego
243 2433 274 2483 te
294 2426 423 2502 gaudens
444 2424 568 2482 laetanti
588 2432 704 2501 pectore
724 2426 843 2484 mittam

81 2521 145 2582 Nec
165 2529 196 2580 te
215 2521 291 2580 ferre
311 2522 406 2579 sinam
426 2521 562 2580 fortunae
582 2521 666 2598 signa
686 2523 836 2595 secundae,

81 2620 138 2679 Sed
158 2619 287 2696 primum
307 2619 416 2677 multas
437 2638 606 2696 expromam
628 2624 727 2676 mente
746 2618 897 2696 querellas,

80 2715 227 2776 Canitiem
248 2721 327 2774 terra
348 2721 438 2792 atque
456 2716 555 2773 infuso
575 2715 697 2792 pulvere
717 2715 837 2776 foedans
846 2739 856 2792 ,·
918 2719 975 2776 225

80 2814 155 2872 Inde
175 2813 285 2871 infecta
304 2833 379 2889 vago
400 2814 575 2889 suspendam
595 2811 688 2870 lintea
708 2812 793 2886 malo,
961 2826 962 2831 ’

79 2910 203 2970 Nostros
224 2916 259 2967 ut
278 2910 376 2968 luctus
396 2917 571 2989 nostraeque
592 2908 727 2967 incendia
747 2910 857 2969 mentis

80 3007 225 3066 Oarbasus
245 3009 400 3066 obscurata
419 3007 496 3064 dicet
516 3007 664 3082 ferrugine
679 3006 800 3066 Hibera

79 3104 165 3178 Quod
184 3104 242 3162 tibi
262 3104 288 3162 ei
307 3105 403 3162 sancti
422 3104 596 3162 concesserit
616 3103 713 3162 incola
733 3102 824 3176 Itoni,

79 3203 162 3272 Quae
183 3208 319 3260 nostrum
338 3221 430 3278 genus
445 3207 475 3258 et
489 3201 571 3258 sedes
585 3199 740 3259 defendere
755 3201 896 3260 Erechthi
918 3203 976 3262 230

82 3296 208 3370 Annuit,
232 3306 267 3356 ut
287 3298 367 3357 tauri
387 3317 537 3375 respergas
557 3297 700 3374 sangiune
720 3297 863 3372 dextram,
