2350 3822
434 269 665 368 ennomus.
961 313 994 370 11

100 483 175 544 Tam
198 487 309 563 gaudet
328 487 361 546 in
385 507 416 546 se
439 493 559 565 tamque
581 489 695 566 seipse
718 489 852 551 miratur.

100 581 252 641 Nimirum
272 584 353 642 idem
376 604 476 644 omnes
499 586 638 660 fallimur,
663 606 759 663 neque
781 594 826 646 est
843 587 995 665 quisquam

101 680 196 747 Quem
218 699 280 738 non
303 681 336 738 in
360 682 459 758 aliqua
481 702 513 740 re
537 683 637 742 videre
661 683 814 741 Suffenum

100 776 206 835 Possis.
250 777 328 836 Suus
348 779 455 856 cuique
475 781 639 839 attributus
661 787 706 839 est
728 800 828 841 error:
958 783 996 840 20

99 873 157 930 Sed
180 892 241 932 non
264 874 399 934 videmus
423 877 569 938 manticae
591 878 670 954 quod
691 878 725 936 in
751 885 834 956 tergo
861 884 912 938 est
1036 941 1040 949 ,

497 1023 610 1078 XXVI.
719 1047 724 1057 ·

179 1136 260 1208 Furi,
283 1135 389 1193 villula
411 1141 513 1192 nostra
533 1156 594 1193 non
617 1137 655 1194 ad
678 1135 783 1195 Austri

178 1233 284 1291 Fletus
308 1233 444 1310 opposita
464 1240 509 1291 est
528 1252 623 1309 neque
647 1234 685 1292 ad
702 1232 816 1294 Favoni

177 1327 241 1388 Neo
265 1329 345 1388 saevi
369 1330 480 1387 Boreae
503 1335 556 1387 aut
579 1318 763 1406 Apheliotae,

178 1427 292 1484 Verum
317 1427 355 1485 ad
375 1427 460 1484 milia
483 1426 649 1502 quindecim
671 1434 702 1484 et
725 1427 872 1486 ducentos.

178 1522 204 1582 O
228 1529 352 1580 ventum
374 1522 542 1579 horribilem
565 1527 653 1598 atque
676 1520 870 1598 pestilentem.
974 1521 994 1581 ὕ

482 1665 614 1720 XXVII.

173 1778 314 1838 Minister
337 1775 434 1835 vetuli
456 1794 529 1852 puer
552 1771 679 1849 Falerni,

173 1875 264 1951 Inger
287 1873 330 1932 mi
353 1872 457 1932 oulioes
480 1870 645 1943 amariores

175 1973 224 2031 Ut
244 1973 293 2031 lex
316 1972 486 2032 Postumiae
507 1974 595 2050 jubet
616 1973 774 2051 magistrae

174 2070 297 2130 Ebrioso
316 2071 400 2130 aoino
420 2071 595 2130 ebriosioris.
1082 2132 1084 2136 .

172 2167 218 2225 Ao
241 2187 302 2241 vos,
328 2169 406 2245 quod
424 2169 520 2244 jubet,
542 2169 611 2226 hino
631 2168 719 2242 abite,
741 2167 889 2245 lymphae,
971 2168 991 2226 5

173 2264 250 2322 Vini
273 2265 424 2342 pernicies,
450 2271 481 2322 et
504 2266 542 2323 ad
565 2285 681 2324 severos

175 2361 311 2438 Migrate.
355 2362 416 2420 Hie
431 2381 529 2420 merus
551 2369 597 2420 est
617 2361 814 2438 Thyonianus.

490 2541 590 2598 XXX.

94 2661 204 2720 Alfene
236 2661 390 2720 immemor
416 2667 505 2738 atque
529 2661 678 2720 unanimis
703 2661 776 2718 false
803 2660 958 2733 sodalibus,

94 2757 166 2818 Jam
189 2764 219 2816 te
243 2758 286 2815 nil
310 2758 437 2831 miseret,
467 2759 547 2832 dure,
574 2758 622 2816 tui
643 2759 737 2816 dulcis
764 2757 901 2815 amioulil
981 2819 984 2826 ⁴

93 2855 115 2911 J
117 2874 165 2911 am
183 2874 230 2912 me
250 2856 379 2930 prodere,
397 2857 461 2932 jam
481 2874 541 2913 non
562 2855 680 2914 dubitas
700 2855 808 2926 fallere,
831 2854 958 2930 perfidel

93 2952 159 3009 Neo
181 2952 259 3010 faeta
287 2952 378 3030 impia
411 2953 549 3011 fallacum
580 2953 734 3011 hominum
762 2952 905 3010 caelicolis
932 2951 992 3029 pla-

174 3054 249 3108 oent.

94 3145 177 3219 Quae
196 3151 231 3204 tu
250 3145 379 3224 neglegis
395 3168 429 3206 ao
449 3167 496 3206 me
516 3146 656 3206 miserum
670 3147 779 3206 deseris
801 3147 835 3204 in
855 3145 948 3205 malis.
971 3147 991 3205 5

92 3243 179 3302 Eheu
203 3244 276 3320 quid
298 3244 416 3317 faciant,
440 3245 494 3316 dio,
517 3244 658 3316 homines
687 3245 772 3302 cuive
803 3244 931 3302 habeant
959 3244 991 3302 fi-

174 3342 263 3399 deml
