2350 3822
193 323 238 381 232
531 323 762 385 OATULLUS.

199 502 372 560 Furibunda
408 501 497 562 simul
540 503 682 562 anhelans
725 523 801 580 vaga
842 502 926 562 vadit
967 503 1099 562 animam

279 618 368 674 agens

200 695 347 754 Comitata
370 701 511 773 tympano
533 696 618 778 Attis
642 716 805 773 peropaca
827 714 947 756 nemora
970 696 1042 773 dux,

198 793 305 851 Veluti
324 794 453 871 juvenca
476 793 575 851 vitans
599 813 673 852 onus
696 793 841 852 indomita
860 793 948 871 jugit

199 891 331 967 Rapidae
355 890 459 949 ducem
485 896 650 967 sequuntur
672 890 774 949 Gallae
798 889 1026 967 properipedem.

198 987 304 1064 Itaque
328 993 365 1044 ut
386 989 506 1046 domum
531 987 665 1063 Cybelles
686 988 809 1064 tetigere
831 987 963 1060 lassulae,
1058 988 1096 1047 35

198 1084 301 1141 Nimio
323 1103 339 1142 e
363 1083 463 1143 labore
486 1103 621 1143 somnum
635 1085 757 1162 capiunt
780 1085 843 1143 sine
866 1085 970 1144 Cerere
980 1103 991 1157 ;

199 1180 286 1256 Piger
307 1179 354 1238 his
374 1179 635 1260 labantelangore
659 1181 756 1240 oculos
780 1200 866 1258 sopor
887 1181 999 1258 operit:

197 1277 275 1335 Abit
297 1276 330 1334 in
343 1277 442 1354 quiete
464 1277 547 1336 molli
567 1278 687 1336 rabidus
710 1278 794 1336 furor
817 1279 916 1336 animi
977 1354 979 1358 .

198 1373 255 1432 Sed
277 1374 329 1431 ubi
353 1373 412 1432 oris
434 1375 517 1432 aurei
539 1374 588 1433 Sol
611 1375 795 1434 radiantibus
819 1375 910 1434 oculis

198 1470 352 1529 Lustravit
373 1471 492 1528 aethera
509 1471 618 1544 album,
641 1471 702 1530 sola
722 1473 804 1546 dura,
823 1492 904 1530 mare
923 1471 1028 1545 femm,
1054 1473 1095 1532 40

198 1566 375 1644 Pepulitque
398 1569 493 1626 noctis
514 1569 634 1626 umbras
658 1569 770 1645 vegetis
794 1569 991 1645 sonipedibus,

197 1664 246 1721 Ibi
268 1665 394 1723 Somnus
418 1666 547 1723 excitum
572 1666 663 1723 Attin
686 1665 802 1741 fugiens
825 1666 901 1726 citus
924 1665 1012 1725 abiit:

197 1761 373 1838 Trepidante
391 1780 459 1819 eum
477 1763 588 1839 recepit
609 1763 663 1820 dea
673 1818 674 1822 ,
684 1762 824 1824 Pasithea
839 1762 914 1823 sinu.

199 1858 247 1914 lta
270 1859 306 1916 de
330 1857 427 1934 quiete
450 1859 532 1916 molli
552 1860 655 1936 rapida
676 1860 739 1919 sine
762 1861 844 1918 rabie

198 1954 292 2012 Simul
316 1954 379 2031 ipse
397 1961 513 2033 pectore
532 1958 616 2014 Attis
640 1977 693 2015 sua
714 1957 792 2016 facta
811 1957 942 2030 recoluit,
1053 1957 1091 2017 45

198 2051 381 2128 Liquidaqus
404 2058 504 2110 mente
527 2053 604 2110 vidit
627 2053 690 2116 sine
713 2053 795 2128 queis
819 2054 928 2130 ubique
951 2053 1036 2126 foret,

196 2148 309 2205 Animo
331 2155 483 2207 aestuante
507 2169 624 2207 rursum
644 2149 772 2207 reditum
795 2151 831 2208 ad,
851 2151 928 2209 vada
945 2150 1056 2209 tetulit

198 2246 248 2303 Ibi
271 2245 364 2314 maria
385 2252 469 2303 vasta
493 2245 591 2304 visens
615 2246 836 2304 lacrimantibus
859 2247 957 2320 oculis,

198 2343 329 2400 Patriam
353 2343 480 2400 allocuta
502 2349 613 2400 maesta
631 2349 675 2400 est
696 2343 740 2400 ita
762 2362 832 2402 voce
855 2345 1006 2403 miscriter.

200 2439 319 2498 ‘Patria
337 2459 354 2497 ο
373 2440 431 2498 mei
446 2440 581 2513 creatrix,
602 2440 697 2516 patria
717 2461 734 2498 o
751 2460 815 2498 mea
834 2442 977 2518 genetrici,
1050 2441 1092 2502 50

198 2535 260 2611 Ego
278 2554 365 2612 quem
384 2535 472 2592 miser
490 2535 667 2611 relinquens,
688 2535 821 2596 dominos
838 2543 875 2595 ut
892 2537 1021 2614 erifugae

198 2631 314 2689 Famuli
337 2632 439 2703 solent,
465 2630 503 2688 ad
525 2631 596 2689 Idae
619 2632 708 2690 tetuli
731 2651 850 2690 nemora
874 2634 985 2709 pedem,

198 2727 244 2786 Ut
260 2729 338 2804 apud
361 2727 461 2786 nivem
484 2734 515 2786 et
534 2727 661 2785 ferarum
683 2728 779 2804 gelida
797 2730 913 2787 stabula
932 2730 1033 2801 forem,

198 2825 239 2882 Et
259 2844 360 2882 earum
377 2824 475 2882 omnia
500 2825 610 2882 adirem
635 2824 794 2884 furibunda
814 2825 945 2898 latibula,

197 2921 330 2980 Ubinam
348 2927 401 2978 aut
419 2921 526 2997 quibus
544 2921 615 2979 locis
635 2927 665 2978 te
683 2922 816 2997 positam,
830 2923 934 2999 patria,
948 2924 1029 2982 reorl
1049 2925 1089 2984 55

198 3016 288 3094 Cupit
311 3017 373 3094 ipse
397 3017 508 3094 pupula
531 3016 569 3074 ad
592 3023 622 3075 te
646 3017 702 3076 sibi
726 3018 849 3094 dirigere
873 3018 973 3089 aciem,

197 3113 290 3172 Rabie
309 3113 372 3171 sera
389 3133 490 3171 carens
511 3114 581 3170 dum
600 3115 688 3172 breve
708 3120 824 3191 tempus
844 3115 959 3173 animus
979 3122 1031 3175 est

197 3211 297 3287 Egone
318 3229 336 3267 a
355 3229 420 3268 mea
437 3216 551 3267 remota
570 3209 641 3268 haec
662 3209 741 3268 ferar
753 3211 791 3294 in
813 3229 931 3270 nemora
951 3213 1037 3272 domo

198 3306 306 3380 Patria,
330 3306 423 3379 bonis,
438 3305 548 3379 amicis,
563 3305 745 3383 genitoribus
767 3307 868 3366 aberol
