2380 3824
440 315 671 375 OATULLUS.

107 491 192 551 Talia
215 492 381 568 praefantes
406 490 554 568 quondam
578 489 674 547 felicia
699 487 782 546 Pelei

108 589 247 648 Carmina
270 589 371 646 divino
393 589 562 647 cecinerunt
585 595 701 664 pectore
727 587 844 646 Parcae.

108 686 282 744 Praesentes
306 704 433 761 namque
458 692 528 743 ante
553 685 653 742 domos
677 684 804 742 invisere
829 688 925 742 castas
949 684 1006 741 385

108 775 245 841 Heroum
268 789 298 840 et
322 802 384 841 sese
404 781 522 840 mortali
546 781 699 840 ostendere
722 787 808 838 coetu

110 879 278 950 Caelicolae,
303 879 436 935 nondum
460 883 558 954 spreta
581 877 700 953 pietate,
725 877 866 934 solebant.

110 975 202 1052 Saepe
226 982 310 1052 pater
333 976 437 1033 divum
460 975 571 1051 templo
595 974 629 1031 in
652 973 784 1050 fulgente
807 973 946 1045 revisere,

50 1093 53 1100 ·
108 1072 221 1130 Annua
244 1092 311 1130 cum
334 1071 417 1130 festis
441 1073 592 1130 venissent
615 1091 696 1130 saera
720 1071 830 1144 diebus,
949 1145 952 1152 Ι

110 1168 271 1246 Conspexit
293 1175 371 1226 terra
395 1175 513 1226 centurn
534 1168 724 1245 procumbere
749 1173 869 1227 tauros:
949 1165 1006 1224 390

109 1265 202 1342 Saepe
225 1285 317 1342 vagus
341 1266 430 1324 Liber
454 1265 577 1322 Parnasi
601 1265 711 1322 vertice
735 1283 848 1322 summo

110 1363 258 1439 Thyiadas
279 1363 379 1420 effusis
403 1367 525 1420 evantes
549 1362 681 1420 crinibus
703 1362 771 1437 egit,

111 1459 188 1517 Oum
212 1459 322 1536 Delphi
344 1465 407 1518 tota
432 1459 567 1517 certatim
591 1479 629 1516 ex
652 1459 726 1532 urbe
749 1465 868 1516 tuentes

110 1555 289 1632 Acciperent
313 1557 384 1614 laeti
408 1555 511 1613 divum
536 1555 720 1612 fumantibus
744 1556 821 1614 aris:

111 1651 205 1728 Saepe
225 1653 259 1708 in
282 1653 396 1710 letifero
420 1651 491 1709 belli
515 1652 675 1710 certamine
699 1652 822 1709 Mavors
951 1652 1008 1710 395

110 1749 177 1808 Aut
200 1749 296 1826 rapidi
319 1749 449 1807 Tritonis
474 1769 523 1807 era
546 1754 600 1806 aut
620 1748 806 1806 Rhamnusia
826 1748 909 1825 virgo
1078 1732 1081 1738 Ι

110 1847 253 1903 Armatus
276 1846 430 1904 hominum
455 1851 500 1904 est
523 1865 660 1922 praesens
686 1846 803 1903 hortata
826 1851 966 1904 catervas.

111 1943 171 2002 Sed
192 1947 348 2019 postquam
371 1943 460 2000 tellus
485 1943 592 2001 scelere
615 1947 659 2000 est
683 1942 799 1999 imbuta
823 1942 949 2000 nefando

109 2039 325 2116 Justitiamque
349 2058 449 2097 omnes
473 2039 578 2115 cupida
598 2039 634 2096 de
658 2045 756 2096 mente
780 2039 929 2116 fugarunt,

110 2137 273 2195 Perfudere
296 2155 400 2194 manus
425 2137 555 2194 fraterno
579 2137 721 2212 sanguine
745 2135 859 2207 fratres,
951 2133 1010 2195 400

109 2235 239 2294 Destitit
266 2235 411 2292 extinctos
439 2239 528 2290 natus
555 2233 655 2309 lugere
684 2239 828 2309 parentes,

111 2331 239 2410 Optavit
259 2331 375 2408 genitor
397 2329 543 2407 primaevi
566 2329 669 2387 funera
693 2329 757 2387 nati

109 2430 203 2488 Liber
224 2434 260 2486 ut
283 2429 428 2504 innuptae
452 2433 605 2504 poteretur
628 2427 699 2484 flore
723 2445 875 2500 novercae,

110 2527 222 2603 Ignaro
246 2530 340 2582 meter
364 2527 554 2583 substernens
578 2543 608 2582 se
632 2524 723 2600 impia
744 2530 825 2598 nato,

110 2622 220 2698 Impia,
243 2641 304 2679 non
325 2622 421 2679 verita
442 2628 488 2679 est
512 2621 597 2678 divos
620 2619 758 2678 scelerare
786 2625 931 2696 parentes,
953 2619 1010 2678 405

111 2721 222 2782 Omnia
249 2719 339 2776 sanda
364 2718 492 2776 nefanda
517 2718 595 2774 malo
619 2716 766 2794 permixta
790 2718 889 2778 furore
1087 2707 1090 2714 ²

107 2817 280 2876 Justificam
304 2815 389 2873 nobis
412 2821 542 2873 mentem
568 2820 701 2874 avertere
727 2815 855 2875 deorum.

109 2914 211 2985 Quare
234 2932 288 2971 nec
310 2912 384 2970 tales
408 2911 568 2987 dignantur
591 2911 685 2970 visere
709 2919 816 2985 coetus

108 3012 176 3071 Neo
199 3029 231 3070 se
255 3009 386 3086 contingi
409 3009 565 3086 patiuntur
588 3009 700 3066 lumine
724 3006 809 3067 charo
