2350 3822
437 326 664 388 GATULLUS.
963 330 997 390 31

103 509 269 585 Phrygium
290 513 326 565 ut
347 525 451 566 nemus
471 508 562 566 citato
582 509 687 586 cupide
707 509 780 586 pede
801 511 909 587 tetigit,

103 605 250 681 Adiitque
272 623 361 682 opsoa
381 603 463 663 silvis
483 605 621 663 redimite
640 606 703 664 loca
724 607 803 680 deae,

104 702 282 760 Stimulatus
301 699 345 758 ibi
364 699 477 759 furenti
496 703 586 775 rabie,
608 721 702 779 vagus
725 703 840 779 animis,

103 799 248 858 Devolvit
269 797 304 856 ili
323 801 410 856 scuto
429 798 487 856 sibi
510 800 638 875 pondera
661 800 748 859 silice
981 801 998 860 5

104 897 212 972 Itaque
232 900 268 953 ut
287 895 389 952 relicta
409 896 501 954 sensit
517 897 574 954 sibi
596 897 726 955 membre
746 898 809 956 sine
829 898 903 972 viro,

105 993 206 1052 Etiam
226 998 343 1051 recente
363 997 458 1051 terrae
478 994 540 1052 sola
560 995 702 1071 sunguine
721 996 879 1069 maculans,
968 1075 970 1078 Ι

104 1089 212 1148 Niveis
231 1089 323 1148 citata
342 1090 420 1166 oepit
438 1091 575 1148 manibus
595 1091 665 1149 leve
686 1097 840 1168 typanum,

103 1188 270 1264 Typanum‚
290 1187 394 1245 tubam
416 1187 557 1262 Cybelles,
579 1194 640 1260 tua,
662 1193 765 1261 mater,
786 1189 882 1263 initia,

105 1285 307 1360 Quetiensque
327 1289 410 1360 terge
428 1285 509 1341 tauri
528 1286 637 1343 teneris
657 1305 729 1342 cava
749 1285 859 1363 digitis,
964 1289 1003 1346 10·

105 1382 217 1441 Uenere
235 1381 307 1440 hace
322 1380 384 1439 suis
403 1381 507 1439 adorta
523 1388 568 1440 est
583 1383 776 1441 tremebunde
795 1383 958 1444 comitibus.

106 1479 224 1555 ‘Agite
241 1479 284 1536 ite
302 1478 340 1536 ad
355 1478 424 1549 alta,
448 1475 560 1551 Gallae,
584 1478 706 1554 Cybeles
722 1499 842 1539 nemora
862 1483 972 1558 procul

105 1576 201 1634 Simul
221 1576 271 1646 ite,
290 1575 496 1651 Dindymenae
514 1575 649 1634 dominae
661 1576 740 1654 'vaga
757 1597 869 1655 pecore,

105 1673 216 1732 Aliena
236 1692 310 1749 quae
331 1679 465 1749 petentes
487 1675 572 1732 velut
591 1677 706 1734 exsules
726 1677 796 1751 loce,

105 1771 222 1830 Sectam
239 1789 335 1828 meam
355 1777 517 1843 exsecutae,
539 1772 612 1829 duce
632 1791 679 1830 me
700 1774 773 1831 mihi
793 1774 923 1848 comites,
963 1775 998 1834 15

104 1868 256 1945 Rapidum
279 1867 373 1924 salum
396 1865 508 1924 tulistis
529 1866 751 1943 truculentaque
767 1870 871 1947 pelagi,

105 1967 148 2026 Et
171 1983 275 2042 corpus
296 1963 432 2022 armastis
453 1963 580 2021 Veneris
604 1964 696 2022 nimio
719 1966 785 2024 odio
792 1988 800 2041 3

104 2064 245 2122 Hilurate
265 2080 331 2120 aere
353 2061 452 2118 citetis
476 2060 624 2120 erroribus
645 2062 784 2122 animum.

105 2159 193 2218 Mora
213 2159 298 2217 turdo
318 2163 418 2216 mente
439 2158 537 2233 cedat;
564 2157 652 2215 simul
673 2159 724 2233 ite,
750 2163 908 2238 sequimini

105 2257 267 2333 Phrygiam
294 2255 332 2312 ad
358 2255 478 2312 domum
506 2253 648 2331 Cybelles,
671 2255 802 2334 Phrygis
825 2259 862 2317 ad
881 2279 1000 2320 nemora

186 2353 265 2424 deae,
961 2361 999 2418 20

104 2449 171 2510 Ubi
192 2448 358 2526 cymbalum
381 2453 467 2506 sonat
491 2466 559 2522 vox,
583 2449 635 2507 ubi
659 2455 801 2526 tympana
820 2452 951 2528 reboant,

103 2547 226 2604 Tibicen
247 2545 299 2602 ubi
322 2544 403 2602 canit
426 2544 530 2620 Phryx
551 2565 641 2604 curvo
661 2565 751 2623 grave
773 2548 891 2625 calamo,

104 2643 170 2703 Ubi
194 2644 291 2719 capita
313 2639 474 2700 Maenades
495 2642 528 2698 vi
545 2643 662 2719 jaciunt
679 2642 871 2718 hederigcrae,

103 2740 170 2800 Ubi
194 2759 275 2798 secra
299 2744 400 2797 sancta
424 2738 518 2797 acutis
539 2739 703 2798 ululatibus
723 2741 846 2818 agitent,

104 2837 171 2895 Ubi
194 2834 292 2895 suevit
317 2835 370 2893 ille
391 2834 476 2894 divae
500 2835 625 2894 volitare
646 2857 722 2914 rega
744 2839 854 2914 cohors,
962 2843 999 2903 25

104 2935 172 3004 Quo
195 2952 249 2992 nos
273 2933 357 2992 dccet
379 2933 479 2992 citatis
502 2934 628 2992 celerare
649 2934 806 3012 tripudiis!

103 3030 202 3090 Simul
222 3031 293 3089 hoec
316 3029 471 3088 comitibus
492 3030 577 3088 Attis
600 3031 713 3103 cecinit,
734 3033 827 3092 notha
845 3036 958 3112 mulier,

102 3128 228 3186 Thiasus
251 3133 371 3204 repente
391 3126 500 3202 linguis
523 3127 739 3203 trepidantibus
760 3130 864 3206 ululat,

101 3224 184 3284 Leve
202 3229 377 3302 tympanum
395 3223 531 3299 remugit,
552 3243 623 3282 cava
641 3225 776 3300 cymbala
798 3240 958 3307 recrepant,

102 3322 241 3381 Virldem
260 3322 337 3381 citus
356 3321 420 3380 adit
440 3321 525 3378 Idem
547 3329 722 3400 properante
740 3325 813 3400 pede
832 3325 945 3389 chorus.
961 3332 999 3391 30
