2350 3822
587 58 600 101 l

189 294 226 352 la
524 279 750 354 capuanus.

190 469 233 526 Tu
258 490 328 529 vero
351 471 439 532 facito
463 480 498 532 ut
520 474 643 532 memori
664 475 720 532 tibi
742 474 859 532 condita
878 475 964 533 corde

137 585 139 596 ⁴
189 566 274 625 Haec
297 568 416 644 vigeant
439 571 586 648 mandata,
608 591 662 628 nec
686 570 747 629 ulla
767 571 918 628 oblitteret
937 581 1038 632 aetas:

189 663 237 721 Ut
260 664 347 723 simul
372 687 405 726 ac
428 675 543 726 nostros
566 668 696 726 invisent
719 668 833 726 lumina
857 668 944 726 colles

189 759 351 819 Funestam
374 768 519 822 antennae
543 764 691 840 deponant
714 764 844 840 undique
869 770 991 838 vestem,
1025 766 1084 823 235

191 856 380 936 Candidaque
403 860 510 918 intorti
532 862 691 919 sustollant
715 862 781 919 vela
804 864 951 935 rudentes,

190 955 436 1032 Quamprimum
459 977 581 1016 cernens
604 965 639 1016 ut
663 959 739 1016 laeta
763 959 870 1035 gaudia
892 966 991 1017 mente

188 1052 364 1128 Agnoscam,
388 1073 456 1114 cum
480 1061 509 1112 te
532 1056 668 1114 reducem
691 1061 772 1114 aetas
795 1075 934 1132 prospera
956 1052 1059 1114 sistet.'

229 1149 313 1208 Haec
336 1152 475 1210 mandata
496 1151 581 1228 prius
606 1153 753 1210 constanti
776 1159 875 1211 mente
900 1159 1049 1211 senensem

189 1247 300 1304 lbcsea
322 1267 375 1306 ceu
398 1249 499 1324 pulsae
523 1255 679 1307 ventorum
701 1249 819 1308 flamine
843 1250 935 1308 nubes
1025 1249 1085 1308 240

189 1345 320 1402 Aereum
343 1344 424 1402 nivei
448 1346 557 1404 montis
581 1347 691 1422 liquere
715 1366 861 1405 cacumen
991 1354 993 1359 '

189 1441 234 1497 At
253 1446 345 1517 pater,
367 1448 403 1500 ut
425 1461 540 1501 summa
562 1450 747 1520 prospectum
771 1463 809 1501 ex
828 1463 893 1502 arce
914 1445 1041 1520 petebat,

189 1537 291 1596 Anxia
314 1539 347 1596 in
372 1539 503 1598 assiduos
528 1541 683 1598 absumens
709 1540 823 1598 lumina
846 1541 942 1612 fletus,

190 1634 265 1692 (lum
286 1635 414 1712 primum
437 1636 535 1694 inflati
556 1635 707 1713 conspexit
729 1637 822 1706 lintea
846 1637 913 1709 veli,

191 1731 386 1808 Praecipitem
407 1752 469 1790 sese
493 1734 678 1811 scopulorum
702 1753 718 1791 e
742 1733 851 1792 vertice
871 1733 952 1810 jecit,
1025 1734 1081 1792 245

190 1829 344 1887 Amissum
368 1829 486 1888 credens
509 1830 619 1888 immiti
641 1831 752 1889 Thesea
771 1831 841 1890 fato.

191 1925 239 1984 Sic
262 1924 380 1984 funesta
403 1927 507 1985 domus
530 1928 677 2004 ingressus
700 1934 779 1986 tecta
802 1934 924 2004 paterna

192 2022 291 2080 Morte
313 2022 397 2082 ferox
419 2024 555 2096 Theseus,
572 2025 689 2101 qualem
703 2025 831 2083 Minoidi
851 2026 963 2084 luctum

190 2119 347 2178 Obtulerat
370 2127 468 2180 mente
491 2121 655 2179 immemori
677 2123 767 2180 talem
791 2123 853 2199 ipse
877 2122 995 2198 recepit,

98 2205 103 2212 ¹
192 2215 274 2286 Quae
287 2223 352 2274 tum
365 2223 553 2294 prospectans
571 2219 719 2276 cedentem
739 2225 849 2276 maesta
867 2219 997 2277 carinam
1027 2221 1085 2277 250

191 2313 373 2390 Multiplices
398 2316 497 2373 animo
520 2316 659 2373 volvebat
682 2317 780 2374 saucia
803 2336 893 2375 curas

230 2411 276 2467 At
298 2417 382 2487 parte
405 2431 444 2470 ex
466 2411 525 2470 elia
545 2412 651 2470 florens
672 2413 817 2471 volitabat
839 2413 963 2471 Iacchus

193 2507 267 2565 Oum
291 2507 387 2566 thiaso
411 2509 585 2585 Satyrorum
608 2515 638 2568 et
661 2509 821 2585 Nysigenis
846 2510 962 2582 silenis,

191 2604 232 2661 Te
255 2624 406 2680 quaerens,
431 2605 574 2681 Ariadna,
598 2613 708 2683 tuoque
732 2607 867 2666 incensus
891 2627 998 2665 amore.

193 2701 319 2770 Quicum
332 2702 441 2761 alacres
454 2703 562 2779 passim
575 2703 727 2779 lymphata
741 2710 839 2762 mente
855 2704 1002 2776 furebant,
1026 2705 1084 2764 255

192 2799 302 2877 Euboe,
325 2798 514 2873 Bacchantes,
536 2799 636 2870 euhoe,
657 2807 746 2876 caput
766 2801 954 2858 inflectentes.

193 2895 310 2953 Harum
331 2915 398 2972 pars
418 2887 688 2973 tecta’quetiebent
707 2896 825 2974 cuspide
838 2898 963 2973 thyrsos,

193 2991 267 3050 Pars
287 3010 303 3048 e
322 2992 438 3052 divulso
454 2993 607 3069 jactabant
626 2995 757 3053 membra
772 2995 909 3071 juvenco,

193 3089 267 3148 Pars
288 3108 349 3148 sese
369 3091 455 3149 tortis
476 3091 659 3167 serpentibus
679 3091 877 3168 incingebant,
980 3083 982 3087 ¹

193 3188 267 3246 Pars
287 3187 409 3247 obscura
429 3189 508 3246 cavis
528 3188 714 3246 celebrabant
733 3189 815 3265 orgia
835 3190 924 3262 cistis,
1029 3192 1089 3250 260

193 3284 292 3360 Orgia,
314 3305 388 3362 quas
408 3285 518 3344 frustra
538 3285 661 3361 cupiunt
680 3286 781 3344 audire
801 3287 934 3363 profanij
