2350 3822
194 323 231 383 36
527 322 755 386 caremus,

197 504 329 562 Heroum
353 503 428 562 mira
451 504 578 562 virtutes
601 505 713 562 indicat
736 509 806 561 arte.

194 597 329 676 Namque
352 599 528 658 fluentisono
550 607 738 677 prospectans
762 601 848 660 litore
873 602 948 662 Diae

194 697 305 754 Thesea
328 697 478 755 cedentem
501 697 588 755 celeri
611 717 676 754 cum
702 699 792 756 classe
816 704 918 756 tuetur

137 799 138 802 ’
196 794 358 852 Indomitos
381 795 415 852 in
437 795 523 853 corde
546 814 649 872 gerens
673 795 809 853 Ariadna
832 795 968 872 furores3
1051 799 1089 857 55

193 891 327 950 Necdum
352 893 441 950 ctiam
462 911 531 964 sese,
551 910 626 968 quae
646 891 725 964 visit,
748 893 842 952 visere
862 895 963 966 credit,

193 989 242 1048 Ut
262 993 330 1066 pote
350 989 449 1047 fallaci
473 1009 548 1066 quae
569 995 635 1046 tum
656 990 786 1066 primum
810 991 906 1049 excita
930 1011 1033 1050 somno

193 1087 353 1145 Desertam·
373 1087 406 1144 in
431 1086 492 1144 sola
515 1087 650 1144 miseram
675 1106 706 1144 se
731 1093 833 1144 cernat
851 1088 961 1146 harena

193 1183 353 1241 Immemor
375 1188 408 1241 at
427 1183 547 1259 juvenis
571 1182 686 1258 fugiens
709 1183 794 1259 pellit
816 1185 893 1241 vada
916 1185 1014 1258 remis,

194 1279 285 1336 Irrita
306 1285 443 1338 ventosae
464 1279 601 1354 linquens
621 1279 765 1355 promissa
783 1280 933 1357 procellae.
1052 1283 1090 1341 60

134 1397 137 1403 ’
194 1375 291 1445 Quam
310 1376 411 1452 procul
432 1395 470 1433 ex
490 1375 556 1450 alga
576 1374 695 1433 maestis
715 1376 827 1434 Minois
848 1377 955 1452 ocellis,

194 1473 288 1532 Saxea
307 1479 343 1530 ut
362 1473 471 1549 effigies
492 1473 675 1544 Bacchantis,
697 1473 848 1548 prospicit,
870 1475 952 1546 eheu,

194 1569 348 1646 Prospicit,
370 1575 400 1627 et
420 1569 535 1644 magnis
555 1588 691 1626 curarum
712 1569 837 1628 fluctuat
857 1571 952 1642 undis,
999 1607 1000 1610 =

193 1664 263 1724 Non
283 1667 360 1723 flavo
379 1665 510 1724 retinens
531 1665 669 1722 subtilem
688 1666 799 1724 vertice
818 1667 945 1740 mitram,

194 1763 264 1820 Non
284 1768 417 1820 contecta
435 1762 496 1820 levi
516 1763 647 1820 velatum
667 1768 767 1838 pectus
787 1763 905 1836 amictu,
985 1835 986 1838 Ἴ
1051 1765 1089 1825 65

194 1860 265 1918 Non
284 1859 372 1916 tereti
391 1859 523 1936 strophio
543 1859 684 1916 lactentes
704 1859 804 1916 vincta
824 1860 956 1936 papillas,

195 1955 303 2016 Omnia
322 1975 397 2032 quae
416 1961 480 2013 toto
501 1955 619 2031 delapsa
639 1976 656 2013 e
675 1975 795 2032 corpore
814 1958 924 2034 passim

193 2053 291 2129 Ipsius
311 2053 488 2129 antepedes
508 2053 615 2110 fluctus
635 2052 704 2111 salis
724 2053 901 2113 alludebant.

194 2149 251 2208 Sed
270 2167 366 2225 neque
386 2154 451 2206 tum
472 2149 585 2222 mitrae,
600 2169 695 2226 neque
709 2155 774 2207 tum
794 2151 941 2208 fluitantis
962 2150 1093 2213 amictus

194 2246 252 2304 Illa
271 2246 366 2304 vicem
385 2265 499 2318 curans,
521 2252 585 2304 toto
605 2266 643 2304 ex
663 2253 694 2304 te
713 2253 837 2322 pectore,
859 2248 981 2321 Theseu,
1052 2249 1092 2310 70

193 2344 268 2402 Toto
287 2342 393 2416 animo,
415 2348 479 2401 tota
499 2344 644 2419 pendebat
664 2344 778 2418 perdita
799 2351 903 2405 mente.

192 2441 223 2497 A
243 2440 356 2513 misera,
379 2439 504 2498 assiduis
525 2459 612 2516 quam
632 2441 762 2498 luctibus
782 2441 965 2498 exsternavit

193 2536 330 2613 Spinosas
349 2535 478 2613 Erycina
499 2555 596 2594 serens
616 2534 648 2592 in
668 2541 783 2613 pectore
803 2557 895 2609 curas,

192 2634 250 2691 Illa
270 2639 452 2710 tempestate,
473 2633 558 2690 ferox
578 2651 636 2709 quo
657 2652 695 2690 ex
714 2640 844 2710 tempore
864 2635 1003 2710 Theseus,

191 2731 332 2806 Egressus
352 2729 450 2789 curvis
471 2749 487 2787 e
507 2730 644 2788 litoribus
664 2729 772 2802 Piraei,
1050 2732 1090 2796 75

190 2827 304 2904 Attigit
321 2827 427 2904 injusti
446 2827 522 2902 regis
544 2827 689 2902 Gortynia
708 2827 824 2905 templa

190 2925 222 2982 N
223 2943 271 2982 am
291 2924 445 3000 perhibent
467 2923 545 2994 olim,
567 2923 679 2980 crudeli
699 2930 781 3000 peste
801 2929 932 2982 coactam

190 3021 419 3099 Androgeoneae
439 3039 548 3096 poenas
568 3021 717 3079 exsolvere
737 3022 840 3094 caedis,
961 3013 964 3022 ’

190 3119 306 3177 Eiectos
322 3119 448 3194 juvenes
469 3117 555 3175 simul
577 3124 607 3175 ct
627 3119 719 3183 decus¹
734 3119 926 3196 innuptarum

190 3215 358 3294 Cecropiam
378 3216 496 3274 solitam
516 3235 578 3274 esse
598 3217 702 3292 dapem
723 3217 791 3274 dare
811 3217 991 3276 Minotauro.
1050 3219 1091 3278 80

190 3313 279 3382 Queis
300 3318 426 3389 angusta
446 3312 531 3370 malis
551 3331 618 3370 cum
638 3312 752 3370 moenia
772 3320 959 3386 vexarentur,
