2380 3824
194 324 232 382 50
528 323 757 385 OATULLUs

193 501 250 560 sed
283 509 348 560 tum
382 509 494 561 maesta
536 504 635 561 virum
673 499 795 570 mittens
827 522 904 580 quae
937 505 1030 562 verba

272 599 370 657 locuta
393 603 443 659 es!
696 595 700 602 ’

231 694 253 752 J
255 696 379 772 uppiter,
401 702 437 754 ut
457 695 542 755 tristi
564 693 679 755 lumina
701 716 786 774 saepe
810 697 922 758 manui
1056 701 1095 757 30

193 793 266 862 Quis
286 798 317 850 te
337 793 467 851 mutavit
486 799 588 852 tantus
609 794 700 853 deuel
738 795 792 852 An
815 795 893 872 quod
916 803 1052 856 amantes

232 889 303 946 Non
326 890 412 967 longe
432 910 451 948 a
472 910 540 949 caro
564 910 682 966 corpore
705 892 805 949 abesse
823 891 950 951 voluntl

192 990 294 1062 Atque
317 986 360 1044 ibi
383 1007 430 1044 me
453 987 567 1046 cunetis
588 1007 642 1064 pro
665 987 745 1045 dulci
765 987 887 1064 conjuge
911 989 989 1046 divis

233 1084 303 1141 Non
326 1082 531 1142 sine'taurino
554 1084 697 1161 sanguiue
720 1085 852 1166 pollicita
875 1105 913 1157 es,

187 1180 226 1238 Si
246 1180 375 1238 reditum
395 1181 551 1239 tetulisset
592 1181 625 1240 Is
645 1181 724 1239 huud
744 1181 778 1238 in
797 1188 927 1258 tempore
951 1182 1039 1259 longo
1049 1185 1089 1242 35

147 1289 149 1296 ’
233 1277 357 1353 Captum
378 1277 484 1335 Asiam
507 1278 639 1355 Aegypti
659 1279 769 1336 finibus
792 1279 951 1338 addiderat.

193 1357 358 1451 Queis'ego
381 1394 434 1451 pro
458 1374 543 1433 factis
566 1375 684 1434 caelesti
706 1375 821 1433 reddita
843 1382 928 1435 coetu

232 1472 363 1529 Pristiuu
384 1478 455 1530 vota
478 1491 555 1531 novo
578 1491 701 1531 munere
725 1472 860 1531 dissoluo.

191 1568 294 1626 Invita
317 1587 335 1627 o
358 1568 459 1644 regina
482 1574 535 1626 tuo
558 1569 594 1626 de
618 1569 728 1627 vertite
752 1569 832 1643 cessi,

232 1665 477 1740 Invitae-adjuro
501 1670 588 1741 teque
610 1672 753 1742 tuumque
775 1673 873 1744 caput,
918 1671 920 1675 '
1047 1667 1089 1728 40

192 1762 291 1839 Digna
311 1762 394 1834 ferat,
420 1761 498 1838 quod
524 1762 617 1840 siquis
637 1763 768 1821 inaniter
793 1764 977 1838 adjurarit-—

232 1859 290 1918 sed
313 1860 365 1936 qui
388 1878 419 1917 se
441 1858 520 1918 ferro
543 1860 672 1938 postulet
694 1879 756 1918 esse
780 1862 900 1936 pareml

192 1956 249 2016 Ille
282 1975 397 2033 quoque
431 1976 549 2014 eversus
588 1975 672 2014 mons
710 1963 762 2031 est,
798 1976 885 2033 quem
923 1959 1088 2018 maximum

271 2054 303 2110 iu
327 2055 386 2112 oris
673 2113 675 2116 .

232 2150 390 2226 Progenies
411 2149 502 2208 Thiae
521 2150 600 2209 clara
619 2149 834 2227 supervehitur,

193 2246 266 2305 Oum
283 2246 366 2304 Medi
378 2266 515 2324 peperere
529 2267 640 2304 novum
654 2267 734 2305 mare
747 2268 872 2325 eumque
882 2251 1026 2327 juventus
1047 2254 1085 2312 45

231 2343 289 2401 Per
308 2343 437 2400 medium
458 2343 544 2401 classi
562 2345 687 2402 barbara
706 2345 791 2404 navit
810 2347 922 2406 Athon.

192 2440 270 2511 Quid
289 2440 398 2498 facient
418 2441 520 2512 crines,
542 2459 609 2498 oum
628 2440 705 2498 ferro
725 2442 798 2500 tulis
817 2444 943 2502 cedautl

230 2539 252 2596 J
253 2539 377 2615 uppiter‚
397 2544 432 2595 ut
453 2538 619 2614 Chalybum
639 2558 724 2596 omne
744 2559 835 2615 genus
854 2549 963 2618 pereat,

191 2637 232 2694 Et
251 2636 303 2713 qui
322 2635 466 2712 principio
486 2636 541 2693 sub
561 2641 641 2693 terra
661 2655 798 2712 quaerere
817 2657 909 2696 venas

230 2733 348 2790 Institit
368 2751 401 2789 sc
421 2731 492 2789 ferri
512 2732 654 2808 stringere
674 2733 834 2794 duritieml
1046 2741 1084 2799 50

190 2831 357 2906 Abjunetae
377 2829 465 2906 paulo
484 2836 555 2888 ante
574 2848 671 2887 comae
692 2849 756 2887 mes
776 2831 838 2890 fata
858 2851 969 2893 sorores

231 2926 391 3002 Lugebant‚
413 2947 480 2984 cum
501 2946 531 2985 se
552 2927 719 2986 Memnonis
732 2929 892 3006 Aethiopis
991 2928 993 2932 ⁴

190 3023 329 3100 Unigena
348 3023 506 3101 impellens
531 3025 705 3082 nutantibus
724 3043 793 3084 asra
812 3027 916 3104 pennis

230 3120 355 3194 Obtulit,
377 3121 519 3179 Arsinoes
539 3121 678 3180 Locridos
698 3122 759 3181 ales
779 3143 880 3200 equus,
926 3184 929 3189 .

190 3217 278 3294 Isque
297 3237 349 3294 per
369 3218 514 3276 aetherias
534 3237 581 3275 me
600 3218 707 3278 tollens
728 3220 849 3278 advolat
869 3222 989 3280 umbras
1010 3240 1012 3246 ·
1046 3225 1084 3283 55

230 3313 270 3373 Et
290 3315 415 3372 Veneris
435 3321 515 3372 ussto
536 3314 657 3373 collocat
678 3315 711 3372 in
729 3317 848 3392 gremio.
