<?xml version="1.0" encoding="UTF-8"?>
<!DOCTYPE html PUBLIC "-//W3C//DTD XHTML 1.0 Transitional//EN"
    "http://www.w3.org/TR/xhtml1/DTD/xhtml1-transitional.dtd">
<html xmlns="http://www.w3.org/1999/xhtml" xml:lang="en" lang="en">
 <head>
  <title>
</title>
<meta http-equiv="Content-Type" content="text/html;charset=utf-8" />
  <meta name='ocr-system' content='tesseract 3.04.00' />
  <meta name='ocr-capabilities' content='ocr_page ocr_carea ocr_par ocr_line ocrx_word'/>
</head>
<body>
  <div class='ocr_page' id='page_1' title='image "./selectpoemscatu00catugoog_0106.png"; bbox 0 0 2380 3824; ppageno 0'>
   <div class='ocr_carea' id='block_1_1' title="bbox 466 292 1024 382">
    <p class='ocr_par' dir='ltr' id='par_1_1' title="bbox 466 292 1024 382">
     <span class='ocr_line' id='line_1_1' title="bbox 466 292 1024 382; baseline -0.004 -31"><span class='ocrx_word' id='word_1_1' title='bbox 466 293 695 354; x_wconf 76' lang='lat' dir='ltr'>curuuuua</span> <span class='ocrx_word' id='word_1_2' title='bbox 729 374 732 382; x_wconf 11' lang='grc' dir='ltr'><strong>ἢ</strong></span> <span class='ocrx_word' id='word_1_3' title='bbox 991 292 1024 349; x_wconf 79' lang='grc'>03</span> 
     </span>
    </p>
   </div>
   <div class='ocr_carea' id='block_1_2' title="bbox 130 471 1067 1999">
    <p class='ocr_par' dir='ltr' id='par_1_2' title="bbox 133 471 925 647">
     <span class='ocr_line' id='line_1_2' title="bbox 133 471 913 550; baseline 0.001 -22"><span class='ocrx_word' id='word_1_4' title='bbox 133 471 179 528; x_wconf 87' lang='lat' dir='ltr'>Tu</span> <span class='ocrx_word' id='word_1_5' title='bbox 203 491 268 530; x_wconf 87' lang='lat' dir='ltr'>mea</span> <span class='ocrx_word' id='word_1_6' title='bbox 291 477 326 528; x_wconf 84' lang='lat' dir='ltr'>tu</span> <span class='ocrx_word' id='word_1_7' title='bbox 346 471 474 530; x_wconf 74' lang='lat' dir='ltr'>monens</span> <span class='ocrx_word' id='word_1_8' title='bbox 496 471 612 550; x_wconf 79' lang='lat' dir='ltr'>fregisti</span> <span class='ocrx_word' id='word_1_9' title='bbox 633 473 791 545; x_wconf 74' lang='lat' dir='ltr'>commode,</span> <span class='ocrx_word' id='word_1_10' title='bbox 814 472 913 545; x_wconf 83' lang='lat' dir='ltr'>frater,</span> 
     </span>
     <span class='ocr_line' id='line_1_3' title="bbox 173 569 925 647; baseline 0.004 -22"><span class='ocrx_word' id='word_1_11' title='bbox 173 569 280 627; x_wconf 82' lang='lat' dir='ltr'>Tecum</span> <span class='ocrx_word' id='word_1_12' title='bbox 303 588 364 627; x_wconf 90' lang='lat' dir='ltr'>una</span> <span class='ocrx_word' id='word_1_13' title='bbox 386 575 450 627; x_wconf 86' lang='lat' dir='ltr'>tota</span> <span class='ocrx_word' id='word_1_14' title='bbox 473 576 518 628; x_wconf 84' lang='lat' dir='ltr'>eat</span> <span class='ocrx_word' id='word_1_15' title='bbox 540 577 643 628; x_wconf 78' lang='lat' dir='ltr'>nostra</span> <span class='ocrx_word' id='word_1_16' title='bbox 666 570 781 647; x_wconf 85' lang='lat' dir='ltr'>sepulta</span> <span class='ocrx_word' id='word_1_17' title='bbox 804 571 925 643; x_wconf 80' lang='lat' dir='ltr'>domus;</span> 
     </span>
    </p>

    <p class='ocr_par' dir='ltr' id='par_1_3' title="bbox 134 665 883 832">
     <span class='ocr_line' id='line_1_4' title="bbox 134 665 883 744; baseline 0.003 -22"><span class='ocrx_word' id='word_1_18' title='bbox 134 665 241 723; x_wconf 86' lang='lat' dir='ltr'>Omnia</span> <span class='ocrx_word' id='word_1_19' title='bbox 264 671 362 724; x_wconf 90' lang='lat' dir='ltr'>tecum</span> <span class='ocrx_word' id='word_1_20' title='bbox 385 685 445 724; x_wconf 89' lang='lat' dir='ltr'>una</span> <span class='ocrx_word' id='word_1_21' title='bbox 468 667 620 743; x_wconf 84' lang='lat' dir='ltr'>perierunt</span> <span class='ocrx_word' id='word_1_22' title='bbox 643 668 751 744; x_wconf 85' lang='lat' dir='ltr'>gaudia</span> <span class='ocrx_word' id='word_1_23' title='bbox 765 673 883 739; x_wconf 78' lang='lat' dir='ltr'>nostra,</span> 
     </span>
     <span class='ocr_line' id='line_1_5' title="bbox 175 761 845 832; baseline 0 -12"><span class='ocrx_word' id='word_1_24' title='bbox 175 761 257 832; x_wconf 81' lang='lat' dir='ltr'>Quae</span> <span class='ocrx_word' id='word_1_25' title='bbox 279 769 350 821; x_wconf 84' lang='lat' dir='ltr'>tuus</span> <span class='ocrx_word' id='word_1_26' title='bbox 372 762 405 820; x_wconf 87' lang='lat' dir='ltr'>in</span> <span class='ocrx_word' id='word_1_27' title='bbox 427 763 493 821; x_wconf 84' lang='lat' dir='ltr'>vita</span> <span class='ocrx_word' id='word_1_28' title='bbox 519 764 612 823; x_wconf 82' lang='lat' dir='ltr'>dulcis</span> <span class='ocrx_word' id='word_1_29' title='bbox 634 764 731 823; x_wconf 85' lang='lat' dir='ltr'>alebat</span> <span class='ocrx_word' id='word_1_30' title='bbox 757 782 845 821; x_wconf 87' lang='lat' dir='ltr'>amor.</span> 
     </span>
    </p>

    <p class='ocr_par' dir='ltr' id='par_1_4' title="bbox 134 860 1026 1035">
     <span class='ocr_line' id='line_1_6' title="bbox 134 860 1026 938; baseline -0.002 -19"><span class='ocrx_word' id='word_1_31' title='bbox 134 861 227 937; x_wconf 81' lang='lat' dir='ltr'>Cujus</span> <span class='ocrx_word' id='word_1_32' title='bbox 247 879 300 936; x_wconf 84' lang='lat' dir='ltr'>ego</span> <span class='ocrx_word' id='word_1_33' title='bbox 324 861 449 920; x_wconf 90' lang='lat' dir='ltr'>inte1itu</span> <span class='ocrx_word' id='word_1_34' title='bbox 472 867 536 920; x_wconf 87' lang='lat' dir='ltr'>tcta</span> <span class='ocrx_word' id='word_1_35' title='bbox 559 863 596 920; x_wconf 90' lang='lat' dir='ltr'>dc</span> <span class='ocrx_word' id='word_1_36' title='bbox 621 868 720 920; x_wconf 89' lang='lat' dir='ltr'>mente</span> <span class='ocrx_word' id='word_1_37' title='bbox 743 861 846 938; x_wconf 81' lang='lat' dir='ltr'>fugavi</span> <span class='ocrx_word' id='word_1_38' title='bbox 990 860 1026 918; x_wconf 81' lang='lat'>25</span> 
     </span>
     <span class='ocr_line' id='line_1_7' title="bbox 174 956 880 1035; baseline 0.004 -21"><span class='ocrx_word' id='word_1_39' title='bbox 174 956 258 1015; x_wconf 88' lang='lat' dir='ltr'>Haec</span> <span class='ocrx_word' id='word_1_40' title='bbox 281 958 380 1016; x_wconf 83' lang='lat' dir='ltr'>studia</span> <span class='ocrx_word' id='word_1_41' title='bbox 403 965 492 1035; x_wconf 87' lang='lat' dir='ltr'>atque</span> <span class='ocrx_word' id='word_1_42' title='bbox 515 978 617 1018; x_wconf 86' lang='lat' dir='ltr'>omnes</span> <span class='ocrx_word' id='word_1_43' title='bbox 639 959 757 1017; x_wconf 77' lang='lat' dir='ltr'>delicias</span> <span class='ocrx_word' id='word_1_44' title='bbox 782 957 880 1017; x_wconf 82' lang='lat' dir='ltr'>animi</span> 
     </span>
    </p>

    <p class='ocr_par' dir='ltr' id='par_1_5' title="bbox 131 1050 933 1222">
     <span class='ocr_line' id='line_1_8' title="bbox 131 1050 901 1128; baseline -0.003 -20"><span class='ocrx_word' id='word_1_45' title='bbox 131 1050 268 1128; x_wconf 83' lang='lat' dir='ltr'>Ignoaeea</span> <span class='ocrx_word' id='word_1_46' title='bbox 291 1051 384 1127; x_wconf 87' lang='lat' dir='ltr'>igitur</span> <span class='ocrx_word' id='word_1_47' title='bbox 407 1051 441 1122; x_wconf 82' lang='lat' dir='ltr'>si,</span> <span class='ocrx_word' id='word_1_48' title='bbox 468 1050 638 1126; x_wconf 88' lang='lat' dir='ltr'>quaemihi</span> <span class='ocrx_word' id='word_1_49' title='bbox 661 1051 760 1108; x_wconf 85' lang='lat' dir='ltr'>luctus</span> <span class='ocrx_word' id='word_1_50' title='bbox 783 1050 901 1122; x_wconf 84' lang='lat' dir='ltr'>ademit,</span> 
     </span>
     <span class='ocr_line' id='line_1_9' title="bbox 173 1147 933 1222; baseline 0 -17"><span class='ocrx_word' id='word_1_51' title='bbox 173 1147 256 1206; x_wconf 85' lang='lat' dir='ltr'>Haec</span> <span class='ocrx_word' id='word_1_52' title='bbox 279 1147 336 1204; x_wconf 89' lang='lat' dir='ltr'>tibi</span> <span class='ocrx_word' id='word_1_53' title='bbox 360 1166 420 1204; x_wconf 93' lang='lat' dir='ltr'>non</span> <span class='ocrx_word' id='word_1_54' title='bbox 443 1147 543 1205; x_wconf 83' lang='lat' dir='ltr'>tribuo</span> <span class='ocrx_word' id='word_1_55' title='bbox 567 1167 697 1219; x_wconf 83' lang='lat' dir='ltr'>munera,</span> <span class='ocrx_word' id='word_1_56' title='bbox 723 1167 791 1205; x_wconf 89' lang='lat' dir='ltr'>cum</span> <span class='ocrx_word' id='word_1_57' title='bbox 813 1165 933 1222; x_wconf 83' lang='lat' dir='ltr'>nequeo.</span> 
     </span>
    </p>

    <p class='ocr_par' dir='ltr' id='par_1_6' title="bbox 131 1243 1024 1416">
     <span class='ocr_line' id='line_1_10' title="bbox 131 1243 1024 1321; baseline -0.002 -19"><span class='ocrx_word' id='word_1_58' title='bbox 131 1243 212 1302; x_wconf 88' lang='lat' dir='ltr'>Nam</span> <span class='ocrx_word' id='word_1_59' title='bbox 230 1244 308 1321; x_wconf 89' lang='lat' dir='ltr'>quod</span> <span class='ocrx_word' id='word_1_60' title='bbox 327 1244 503 1320; x_wconf 84' lang='lat' dir='ltr'>scriptorum</span> <span class='ocrx_word' id='word_1_61' title='bbox 523 1262 583 1301; x_wconf 92' lang='lat' dir='ltr'>non</span> <span class='ocrx_word' id='word_1_62' title='bbox 603 1263 710 1320; x_wconf 84' lang='lat' dir='ltr'>magna</span> <span class='ocrx_word' id='word_1_63' title='bbox 724 1250 768 1301; x_wconf 84' lang='lat' dir='ltr'>eat</span> <span class='ocrx_word' id='word_1_64' title='bbox 782 1243 864 1321; x_wconf 89' lang='lat' dir='ltr'>copia</span> <span class='ocrx_word' id='word_1_65' title='bbox 877 1243 955 1320; x_wconf 87' lang='lat' dir='ltr'>apud</span> <span class='ocrx_word' id='word_1_66' title='bbox 969 1262 1024 1312; x_wconf 86' lang='lat' dir='ltr'>me,</span> 
     </span>
     <span class='ocr_line' id='line_1_11' title="bbox 172 1339 916 1416; baseline -0.003 -18"><span class='ocrx_word' id='word_1_67' title='bbox 172 1340 239 1399; x_wconf 92' lang='lat' dir='ltr'>Hoc</span> <span class='ocrx_word' id='word_1_68' title='bbox 262 1339 298 1398; x_wconf 86' lang='lat' dir='ltr'>fit</span> <span class='ocrx_word' id='word_1_69' title='bbox 320 1340 399 1416; x_wconf 88' lang='lat' dir='ltr'>quod</span> <span class='ocrx_word' id='word_1_70' title='bbox 422 1340 535 1398; x_wconf 87' lang='lat' dir='ltr'>Romae</span> <span class='ocrx_word' id='word_1_71' title='bbox 558 1339 707 1399; x_wconf 84' lang='lat' dir='ltr'>vivimus:</span> <span class='ocrx_word' id='word_1_72' title='bbox 730 1339 783 1398; x_wconf 84' lang='lat' dir='ltr'>illa</span> <span class='ocrx_word' id='word_1_73' title='bbox 804 1340 916 1412; x_wconf 69' lang='lat' dir='ltr'>domua</span> 
     </span>
    </p>

    <p class='ocr_par' dir='ltr' id='par_1_7' title="bbox 131 1423 1067 1612">
     <span class='ocr_line' id='line_1_12' title="bbox 131 1423 1067 1514; baseline -0.004 -18"><span class='ocrx_word' id='word_1_74' title='bbox 131 1437 190 1496; x_wconf 86' lang='lat' dir='ltr'>Ille</span> <span class='ocrx_word' id='word_1_75' title='bbox 213 1437 287 1514; x_wconf 85' lang='lat' dir='ltr'>mihi</span> <span class='ocrx_word' id='word_1_76' title='bbox 310 1437 399 1510; x_wconf 78' lang='lat' dir='ltr'>sedes,</span> <span class='ocrx_word' id='word_1_77' title='bbox 423 1437 485 1495; x_wconf 92' lang='lat' dir='ltr'>illic</span> <span class='ocrx_word' id='word_1_78' title='bbox 509 1455 574 1495; x_wconf 89' lang='lat' dir='ltr'>mea</span> <span class='ocrx_word' id='word_1_79' title='bbox 597 1437 728 1513; x_wconf 74' lang='lat' dir='ltr'>carpitur</span> <span class='ocrx_word' id='word_1_80' title='bbox 751 1442 850 1512; x_wconf 85' lang='lat' dir='ltr'>aetaa;</span> <span class='ocrx_word' id='word_1_81' title='bbox 987 1436 1024 1493; x_wconf 83' lang='lat'>35</span> <span class='ocrx_word' id='word_1_82' title='bbox 1065 1423 1067 1427; x_wconf 55' lang='grc'><strong>’</strong></span> 
     </span>
     <span class='ocr_line' id='line_1_13' title="bbox 171 1533 889 1612; baseline 0.003 -21"><span class='ocrx_word' id='word_1_83' title='bbox 171 1533 243 1593; x_wconf 88' lang='lat' dir='ltr'>Huc</span> <span class='ocrx_word' id='word_1_84' title='bbox 266 1554 326 1592; x_wconf 87' lang='lat' dir='ltr'>una</span> <span class='ocrx_word' id='word_1_85' title='bbox 349 1553 387 1592; x_wconf 85' lang='lat' dir='ltr'>ex</span> <span class='ocrx_word' id='word_1_86' title='bbox 410 1533 512 1592; x_wconf 83' lang='lat' dir='ltr'>multia</span> <span class='ocrx_word' id='word_1_87' title='bbox 536 1534 654 1611; x_wconf 81' lang='lat' dir='ltr'>capsula</span> <span class='ocrx_word' id='word_1_88' title='bbox 676 1553 722 1592; x_wconf 91' lang='lat' dir='ltr'>me</span> <span class='ocrx_word' id='word_1_89' title='bbox 749 1534 889 1612; x_wconf 84' lang='lat' dir='ltr'>sequitur.</span> 
     </span>
    </p>

    <p class='ocr_par' dir='ltr' id='par_1_8' title="bbox 131 1630 1016 1804">
     <span class='ocr_line' id='line_1_14' title="bbox 131 1630 1016 1707; baseline 0 -19"><span class='ocrx_word' id='word_1_90' title='bbox 131 1630 218 1702; x_wconf 80' lang='lat' dir='ltr'>Quod</span> <span class='ocrx_word' id='word_1_91' title='bbox 236 1651 302 1690; x_wconf 87' lang='lat' dir='ltr'>cum</span> <span class='ocrx_word' id='word_1_92' title='bbox 318 1631 362 1688; x_wconf 86' lang='lat' dir='ltr'>ita</span> <span class='ocrx_word' id='word_1_93' title='bbox 380 1630 427 1702; x_wconf 82' lang='lat' dir='ltr'>eit,</span> <span class='ocrx_word' id='word_1_94' title='bbox 449 1630 541 1688; x_wconf 88' lang='lat' dir='ltr'>nolim</span> <span class='ocrx_word' id='word_1_95' title='bbox 558 1637 673 1690; x_wconf 78' lang='lat' dir='ltr'>statuae</span> <span class='ocrx_word' id='word_1_96' title='bbox 692 1650 746 1690; x_wconf 84' lang='lat' dir='ltr'>nos</span> <span class='ocrx_word' id='word_1_97' title='bbox 769 1637 867 1690; x_wconf 90' lang='lat' dir='ltr'>mente</span> <span class='ocrx_word' id='word_1_98' title='bbox 887 1630 1016 1707; x_wconf 82' lang='lat' dir='ltr'>maligna</span> 
     </span>
     <span class='ocr_line' id='line_1_15' title="bbox 170 1728 864 1804; baseline 0 -18"><span class='ocrx_word' id='word_1_99' title='bbox 170 1728 209 1786; x_wconf 92' lang='lat' dir='ltr'>Id</span> <span class='ocrx_word' id='word_1_100' title='bbox 234 1729 328 1786; x_wconf 86' lang='lat' dir='ltr'>facere</span> <span class='ocrx_word' id='word_1_101' title='bbox 351 1735 404 1785; x_wconf 88' lang='lat' dir='ltr'>aut</span> <span class='ocrx_word' id='word_1_102' title='bbox 427 1728 526 1787; x_wconf 89' lang='lat' dir='ltr'>animo</span> <span class='ocrx_word' id='word_1_103' title='bbox 548 1728 704 1786; x_wconf 79' lang='lat' dir='ltr'>nonsatis</span> <span class='ocrx_word' id='word_1_104' title='bbox 727 1728 864 1804; x_wconf 86' lang='lat' dir='ltr'>ingenuo,</span> 
     </span>
    </p>

    <p class='ocr_par' dir='ltr' id='par_1_9' title="bbox 130 1824 1023 1999">
     <span class='ocr_line' id='line_1_16' title="bbox 130 1824 1003 1904; baseline 0.001 -22"><span class='ocrx_word' id='word_1_105' title='bbox 130 1825 218 1896; x_wconf 80' lang='lat' dir='ltr'>Quod</span> <span class='ocrx_word' id='word_1_106' title='bbox 241 1825 298 1883; x_wconf 86' lang='lat' dir='ltr'>tibi</span> <span class='ocrx_word' id='word_1_107' title='bbox 321 1844 381 1883; x_wconf 91' lang='lat' dir='ltr'>non</span> <span class='ocrx_word' id='word_1_108' title='bbox 405 1825 559 1902; x_wconf 67' lang='lat' dir='ltr'>uniusque</span> <span class='ocrx_word' id='word_1_109' title='bbox 583 1826 697 1902; x_wconf 84' lang='lat' dir='ltr'>petenti</span> <span class='ocrx_word' id='word_1_110' title='bbox 720 1824 802 1902; x_wconf 89' lang='lat' dir='ltr'>copia</span> <span class='ocrx_word' id='word_1_111' title='bbox 825 1831 910 1904; x_wconf 82' lang='lat' dir='ltr'>pcata</span> <span class='ocrx_word' id='word_1_112' title='bbox 936 1831 1003 1884; x_wconf 84' lang='lat' dir='ltr'>est:</span> 
     </span>
     <span class='ocr_line' id='line_1_17' title="bbox 172 1917 1023 1999; baseline 0 -19"><span class='ocrx_word' id='word_1_113' title='bbox 172 1921 263 1980; x_wconf 88' lang='lat' dir='ltr'>Ultro</span> <span class='ocrx_word' id='word_1_114' title='bbox 276 1917 339 1998; x_wconf 84' lang='lat' dir='ltr'>¹ego</span> <span class='ocrx_word' id='word_1_115' title='bbox 363 1921 514 1995; x_wconf 84' lang='lat' dir='ltr'>deferrem,</span> <span class='ocrx_word' id='word_1_116' title='bbox 540 1922 623 1998; x_wconf 87' lang='lat' dir='ltr'>copia</span> <span class='ocrx_word' id='word_1_117' title='bbox 646 1922 732 1999; x_wconf 84' lang='lat' dir='ltr'>siqua</span> <span class='ocrx_word' id='word_1_118' title='bbox 754 1921 837 1981; x_wconf 87' lang='lat' dir='ltr'>foret</span> <span class='ocrx_word' id='word_1_119' title='bbox 985 1923 1023 1980; x_wconf 82' lang='lat'>40</span> 
     </span>
    </p>
   </div>
   <div class='ocr_carea' id='block_1_3' title="bbox 496 2099 656 2155">
    <p class='ocr_par' dir='ltr' id='par_1_10' title="bbox 496 2099 656 2155">
     <span class='ocr_line' id='line_1_18' title="bbox 496 2099 656 2155; baseline 0.006 -1"><span class='ocrx_word' id='word_1_120' title='bbox 496 2099 656 2155; x_wconf 81' lang='lat' dir='ltr'><strong>LXVIIIB.</strong></span> 
     </span>
    </p>
   </div>
   <div class='ocr_carea' id='block_1_4' title="bbox 128 2219 1063 2780">
    <p class='ocr_par' dir='ltr' id='par_1_11' title="bbox 128 2219 974 2393">
     <span class='ocr_line' id='line_1_19' title="bbox 128 2219 974 2296; baseline 0.005 -18"><span class='ocrx_word' id='word_1_121' title='bbox 128 2219 201 2278; x_wconf 88' lang='lat' dir='ltr'>Non</span> <span class='ocrx_word' id='word_1_122' title='bbox 222 2239 341 2296; x_wconf 85' lang='lat' dir='ltr'>possum</span> <span class='ocrx_word' id='word_1_123' title='bbox 364 2219 494 2292; x_wconf 86' lang='lat' dir='ltr'>reticere,</span> <span class='ocrx_word' id='word_1_124' title='bbox 509 2220 588 2292; x_wconf 86' lang='lat' dir='ltr'>deae,</span> <span class='ocrx_word' id='word_1_125' title='bbox 613 2239 672 2296; x_wconf 86' lang='lat' dir='ltr'>qna</span> <span class='ocrx_word' id='word_1_126' title='bbox 694 2239 742 2278; x_wconf 88' lang='lat' dir='ltr'>me</span> <span class='ocrx_word' id='word_1_127' title='bbox 766 2221 865 2280; x_wconf 84' lang='lat' dir='ltr'>Alliua</span> <span class='ocrx_word' id='word_1_128' title='bbox 886 2222 920 2280; x_wconf 89' lang='lat' dir='ltr'>in</span> <span class='ocrx_word' id='word_1_129' title='bbox 942 2241 974 2282; x_wconf 84' lang='lat' dir='ltr'>re</span> 
     </span>
     <span class='ocr_line' id='line_1_20' title="bbox 169 2315 779 2393; baseline 0 -17"><span class='ocrx_word' id='word_1_130' title='bbox 169 2317 191 2376; x_wconf 83' lang='lat' dir='ltr'><strong>J</strong></span> <span class='ocrx_word' id='word_1_131' title='bbox 193 2317 292 2375; x_wconf 87' lang='lat' dir='ltr'>uverit</span> <span class='ocrx_word' id='word_1_132' title='bbox 314 2323 367 2374; x_wconf 88' lang='lat' dir='ltr'>aut</span> <span class='ocrx_word' id='word_1_133' title='bbox 392 2315 512 2393; x_wconf 83' lang='lat' dir='ltr'>quantia</span> <span class='ocrx_word' id='word_1_134' title='bbox 531 2317 646 2393; x_wconf 85' lang='lat' dir='ltr'>juverit</span> <span class='ocrx_word' id='word_1_135' title='bbox 670 2318 779 2390; x_wconf 72' lang='lat' dir='ltr'>officiis²</span> 
     </span>
    </p>

    <p class='ocr_par' dir='ltr' id='par_1_12' title="bbox 129 2413 823 2587">
     <span class='ocr_line' id='line_1_21' title="bbox 129 2413 811 2490; baseline 0.001 -18"><span class='ocrx_word' id='word_1_136' title='bbox 129 2414 178 2472; x_wconf 89' lang='lat' dir='ltr'>Ne</span> <span class='ocrx_word' id='word_1_137' title='bbox 201 2413 317 2490; x_wconf 85' lang='lat' dir='ltr'>fugiens</span> <span class='ocrx_word' id='word_1_138' title='bbox 341 2413 443 2472; x_wconf 80' lang='lat' dir='ltr'>saeclis</span> <span class='ocrx_word' id='word_1_139' title='bbox 467 2413 707 2472; x_wconf 79' lang='lat' dir='ltr'>obliviscentibus</span> <span class='ocrx_word' id='word_1_140' title='bbox 731 2421 811 2473; x_wconf 86' lang='lat' dir='ltr'>aetaa</span> 
     </span>
     <span class='ocr_line' id='line_1_22' title="bbox 169 2510 823 2587; baseline 0 -18"><span class='ocrx_word' id='word_1_141' title='bbox 169 2511 257 2569; x_wconf 79' lang='lat' dir='ltr'>Illius</span> <span class='ocrx_word' id='word_1_142' title='bbox 279 2510 334 2569; x_wconf 86' lang='lat' dir='ltr'>hoc</span> <span class='ocrx_word' id='word_1_143' title='bbox 355 2530 439 2569; x_wconf 89' lang='lat' dir='ltr'>caeca</span> <span class='ocrx_word' id='word_1_144' title='bbox 462 2516 547 2570; x_wconf 87' lang='lat' dir='ltr'>necte</span> <span class='ocrx_word' id='word_1_145' title='bbox 568 2516 650 2587; x_wconf 84' lang='lat' dir='ltr'>tegat</span> <span class='ocrx_word' id='word_1_146' title='bbox 674 2511 823 2570; x_wconf 84' lang='lat' dir='ltr'>studium:</span> 
     </span>
    </p>

    <p class='ocr_par' dir='ltr' id='par_1_13' title="bbox 128 2601 1063 2780">
     <span class='ocr_line' id='line_1_23' title="bbox 128 2601 1063 2690; baseline 0.004 -23"><span class='ocrx_word' id='word_1_147' title='bbox 128 2607 189 2668; x_wconf 88' lang='lat' dir='ltr'>Sed</span> <span class='ocrx_word' id='word_1_148' title='bbox 213 2607 308 2665; x_wconf 89' lang='lat' dir='ltr'>dicam</span> <span class='ocrx_word' id='word_1_149' title='bbox 331 2607 424 2678; x_wconf 84' lang='lat' dir='ltr'>vobis,</span> <span class='ocrx_word' id='word_1_150' title='bbox 449 2625 502 2665; x_wconf 83' lang='lat' dir='ltr'>voa</span> <span class='ocrx_word' id='word_1_151' title='bbox 526 2601 613 2684; x_wconf 79' lang='lat' dir='ltr'>porro</span> <span class='ocrx_word' id='word_1_152' title='bbox 636 2607 725 2666; x_wconf 87' lang='lat' dir='ltr'>dicite</span> <span class='ocrx_word' id='word_1_153' title='bbox 748 2607 851 2668; x_wconf 79' lang='lat' dir='ltr'>multia</span> <span class='ocrx_word' id='word_1_154' title='bbox 925 2609 1022 2690; x_wconf 80' lang='lat'>5(45)</span> <span class='ocrx_word' id='word_1_155' title='bbox 1059 2641 1063 2652; x_wconf 92' lang='lat'><em>·</em></span> 
     </span>
     <span class='ocr_line' id='line_1_24' title="bbox 170 2703 925 2780; baseline 0.007 -18"><span class='ocrx_word' id='word_1_156' title='bbox 170 2703 296 2763; x_wconf 85' lang='lat' dir='ltr'>Milibua</span> <span class='ocrx_word' id='word_1_157' title='bbox 319 2709 350 2762; x_wconf 89' lang='lat' dir='ltr'>et</span> <span class='ocrx_word' id='word_1_158' title='bbox 373 2703 461 2762; x_wconf 82' lang='lat' dir='ltr'>facite</span> <span class='ocrx_word' id='word_1_159' title='bbox 485 2703 555 2762; x_wconf 85' lang='lat' dir='ltr'>haec</span> <span class='ocrx_word' id='word_1_160' title='bbox 579 2709 660 2762; x_wconf 75' lang='lat' dir='ltr'>centa</span> <span class='ocrx_word' id='word_1_161' title='bbox 683 2704 822 2780; x_wconf 87' lang='lat' dir='ltr'>loquatur</span> <span class='ocrx_word' id='word_1_162' title='bbox 844 2725 925 2767; x_wconf 81' lang='lat' dir='ltr'>anua.</span> 
     </span>
    </p>
   </div>
   <div class='ocr_carea' id='block_1_5' title="bbox 170 2896 883 2977">
    <p class='ocr_par' dir='ltr' id='par_1_14' title="bbox 170 2896 883 2977">
     <span class='ocr_line' id='line_1_25' title="bbox 170 2896 883 2977; baseline 0.001 -21"><span class='ocrx_word' id='word_1_163' title='bbox 170 2896 370 2973; x_wconf 79' lang='lat' dir='ltr'>Noteacatque</span> <span class='ocrx_word' id='word_1_164' title='bbox 395 2897 488 2974; x_wconf 78' lang='lat' dir='ltr'>magis</span> <span class='ocrx_word' id='word_1_165' title='bbox 511 2903 646 2956; x_wconf 78' lang='lat' dir='ltr'>mortuus</span> <span class='ocrx_word' id='word_1_166' title='bbox 670 2905 758 2974; x_wconf 87' lang='lat' dir='ltr'>atquc</span> <span class='ocrx_word' id='word_1_167' title='bbox 781 2900 883 2977; x_wconf 85' lang='lat' dir='ltr'>magis,</span> 
     </span>
    </p>
   </div>
   <div class='ocr_carea' id='block_1_6' title="bbox 0 0 1194 3824">
    <p class='ocr_par' dir='ltr' id='par_1_15' title="bbox 0 0 1194 3824">
     <span class='ocr_line' id='line_1_26' title="bbox 0 0 1194 3824; baseline 0 1"><span class='ocrx_word' id='word_1_168' title='bbox 0 0 1194 3824; x_wconf 95' lang='lat' dir='ltr'> </span> 
     </span>
    </p>
   </div>
  </div>
 </body>
</html>
