2350 3822
426 258 655 320 OATULLUS.

94 439 154 501 Sed
174 439 301 500 conubia
320 439 405 511 laeta,
428 439 479 498 sed
500 445 616 516 optatos
636 441 821 516 hymenaeos,

95 536 179 612 Quae
200 543 306 596 cuncta
325 537 404 594 aerei
424 536 595 613 discerpunt
614 538 700 596 irrita
720 539 809 598 venti.

95 634 173 693 Tum
189 634 254 712 jam
274 634 357 692 nulla
377 634 442 692 viro
459 633 576 710 juranti
595 635 705 692 femina
725 637 831 708 credat,

95 732 190 790 Nulla
211 731 270 789 viri
288 737 386 807 speret
406 750 553 790 sermones
574 751 636 789 esse
655 732 755 790 fideles
764 755 772 807 3
936 734 992 792 145

96 830 187 899 Queis
208 829 276 886 dum
300 828 412 905 aliquid
433 829 554 906 cupiens
575 829 692 888 animus
705 830 873 910 ¹praegestit
893 830 991 907 apisci,

94 926 150 984 Nil
171 931 308 984 metuunt
325 926 434 1002 jurare,
456 926 532 982 nihil
553 927 725 1002 promittere
745 933 878 1002 parcunt,

96 1023 162 1095 Sed,
184 1022 272 1083 simul
294 1043 327 1081 ac
347 1023 470 1101 cupidae
490 1023 598 1102 mentis
619 1023 726 1081 satiata
746 1024 838 1082 libido
859 1030 911 1097 est,

95 1119 185 1178 Dicta
204 1119 281 1178 nihil
301 1125 440 1192 metuere,
462 1120 538 1178 nihil
559 1121 689 1196 perjuria
709 1127 821 1180 curant.

96 1217 183 1276 Certe
203 1237 256 1295 ego
275 1223 307 1275 te
326 1215 359 1274 in
378 1217 474 1274 medio
495 1223 663 1275 versantem
683 1218 802 1276 turbine
824 1218 878 1278 leti
936 1220 993 1277 150

96 1313 204 1391 Eripui
223 1320 253 1372 et
273 1314 372 1391 potius
392 1333 568 1390 germanum¹
585 1315 721 1373 amittere
743 1315 831 1387 crevi,

98 1413 195 1482 Quam
213 1410 271 1469 tibi
290 1411 389 1469 fallaci
408 1430 544 1488 supremo
564 1411 596 1468 in
617 1412 904 1487 temporedeessem.

97 1509 157 1568 Pro
177 1528 235 1586 quo
255 1509 440 1567 dilaceranda
460 1509 530 1567 feris
551 1509 642 1567 dabor
662 1510 841 1587 alitibusque

97 1607 219 1680 Praeda,
241 1625 336 1683 neque
356 1606 465 1683 injecta
485 1606 655 1664 tumulabor
674 1614 791 1666 mortua
811 1613 898 1668 terra

98 1706 250 1776 Quaenam
269 1709 300 1761 te
319 1704 423 1780 genuit
436 1704 498 1762 sola
517 1701 572 1762 sub
591 1723 664 1780 rupe
685 1704 792 1776 leaena,
937 1708 992 1764 155

98 1801 183 1872 Qtrod
204 1819 284 1858 mare
305 1806 477 1876 conceptum
497 1801 703 1877 spumantibus
720 1802 838 1878 exspuit
858 1802 954 1874 undis,
1029 1785 1053 1850 .'

98 1901 180 1970 Quae
195 1897 300 1975 Syrtis,
316 1917 391 1974 quae
405 1897 504 1974 Scylla
517 1918 618 1974 rapax,
634 1915 708 1974 quae
722 1904 807 1956 vasta
821 1897 992 1974 Charybdis,

97 1995 183 2055 Talia
202 1995 254 2072 qui
273 1995 372 2053 reddis
392 2014 445 2072 pro
466 1994 546 2053 dulci
566 1995 696 2071 praemia
716 1995 801 2054 vital

98 2095 131 2152 Si
151 2093 208 2152 tibi
227 2111 288 2151 non
308 2092 388 2150 cordi
408 2091 527 2149 fuerant
546 2091 671 2150 conubia
691 2097 799 2164 nostra,

97 2192 193 2250 Saeva
213 2190 291 2267 quod
311 2189 450 2248 horrebas
470 2189 559 2265 prisci
578 2195 733 2265 praecepta
753 2190 893 2266 parentis,
938 2191 994 2248 160

97 2287 141 2348 At
161 2293 262 2346 tamen
281 2286 314 2344 in
334 2292 447 2345 vestras
467 2285 591 2362 potuisti
611 2286 715 2344 ducere
736 2287 825 2359 sedes,

98 2386 182 2456 Quae
202 2384 260 2442 tibi
276 2384 408 2460 jucundo
429 2383 588 2441 famularer
607 2404 692 2442 serva
713 2385 821 2459 labore,

99 2481 232 2540 Candida
251 2481 434 2558 permulcens
454 2479 574 2556 liquidis
595 2481 719 2558 vestigia
739 2481 867 2557 lymphis

98 2579 290 2655 Purpureave
311 2583 396 2636 tuum
418 2583 607 2636 consternens
627 2583 709 2636 veste
730 2579 833 2638 cubile.

98 2676 157 2734 sed
171 2675 242 2752 quid
258 2694 310 2751 ego
324 2675 435 2750 ignaris
449 2675 629 2751 nequiquam
643 2695 803 2751 conquerar
817 2676 905 2749 auris,
939 2677 994 2735 165

98 2772 280 2828 Exsternata
299 2770 385 2842 male,
408 2790 483 2847 quae
503 2770 594 2827 nullis
615 2771 748 2830 sensibus
768 2777 870 2829 auctae

98 2867 163 2924 Nec
183 2865 287 2942 missas
307 2865 409 2923 audire
430 2871 543 2940 queunt
563 2885 616 2922 nec
636 2866 757 2924 reddere
777 2871 883 2928 vocesl

97 2949 156 3023 Ille
177 2969 275 3036 autem
296 2983 386 3040 prope
402 2963 466 3038 jam
486 2963 591 3020 mediis
611 2971 746 3022 versatur
766 2965 799 3022 in
818 2967 914 3039 undis,

98 3063 163 3120 Nec
182 3061 340 3138 quisquam
360 3066 481 3138 apparet
501 3079 593 3118 vacua
614 3062 747 3120 mortalis
767 3062 801 3120 in
820 3064 893 3142 alga.

98 3159 148 3218 Sic
168 3158 258 3217 nimis
276 3158 425 3216 insultans
446 3164 578 3216 extremo
598 3165 729 3237 tempore
749 3180 836 3219 saeva
884 3166 886 3170 ’
938 3162 996 3224 170

97 3255 172 3314 Fors
193 3255 283 3315 etiam
303 3253 412 3314 nostris
431 3254 542 3312 invidit
561 3256 714 3331 questibus
734 3277 825 3318 aures
