2350 3822
422 327 650 392 carcanus.
751 393 754 405 ,

89 506 159 583 Ipse
178 526 265 566 suum
285 507 413 568 Theseus
433 528 486 585 pro
506 509 581 567 caris
600 529 705 587 eorpus
725 509 855 570 Athenis

91 603 237 683 ijicere
256 605 379 681 optavit,
400 606 608 683 potiusquam
629 606 702 665 talia
723 607 840 666 Cretam

89 700 206 760 Funera
225 699 380 779 Cecropiae
399 721 452 760 neo
472 702 577 759 funera
597 706 786 778 portarentur
796 721 805 774 3

87 795 192 873 Atque
209 795 255 855 ita
273 816 350 855 nave
370 798 429 855 levi
449 798 547 856 nitens
567 818 600 856 ac
621 799 737 858 lenibus
757 799 837 856 auris
944 798 981 858 85

88 891 314 970 Magnanimum
334 894 370 951 ad
392 881 495 950 Minoa
514 894 598 952 venit
619 895 757 971 sedesque
778 895 924 971 superbas.

88 988 179 1047 Hunc
199 990 288 1048 simul
307 1009 341 1048 ac
360 989 466 1065 cupido
485 991 638 1066 conspexit
658 991 771 1049 lumine
792 991 875 1068 virgo

85 1085 186 1162 Regia,
209 1106 298 1162 quam
318 1106 422 1145 suaves
443 1087 594 1163 exspirans
615 1094 713 1146 castus
734 1089 835 1146 odores

85 1181 224 1240 Lectulus
241 1183 274 1240 in
294 1183 377 1242 molli
396 1185 550 1261 complexu
571 1184 674 1243 matris
694 1185 801 1258 alebat,

86 1278 193 1349 Quales
214 1281 342 1339 Eurotae
361 1281 541 1358 progignlmt
561 1281 684 1339 flumina
704 1290 821 1358 myrtus
942 1282 980 1340 90

85 1375 207 1434 Aureus
227 1376 380 1435 distinctos
400 1377 499 1434 educit
520 1396 611 1435 verna
631 1379 748 1451 colores,

84 1472 154 1530 Non
174 1474 257 1551 prius
277 1493 314 1530 ex
335 1473 387 1531 illo
407 1473 563 1550 flagrantia
583 1465 743 1533 declinavit

82 1569 217 1642 Lumina,
239 1589 328 1645 quam
348 1575 453 1628 cuncto
474 1571 607 1647 concepit
627 1591 746 1649 corpore
766 1572 916 1631 flammam

80 1667 229 1726 Funditus
249 1673 338 1744 atque
358 1667 426 1724 imis
446 1668 558 1725 exarsit
580 1674 643 1725 tota
665 1669 808 1727 medullis

80 1764 151 1822 Heu
172 1763 276 1822 misere
297 1764 449 1840 exagitans
468 1763 578 1821 immiti
598 1765 684 1823 corde
703 1765 825 1838 furores,
940 1766 976 1822 95

79 1860 185 1919 Sancte
205 1850 286 1939 puer,
308 1860 386 1918 curis
407 1860 561 1919 hominum
581 1862 633 1938 qui
652 1862 760 1938 gaudia
781 1862 892 1934 misces,

80 1958 219 2035 Quaeque
239 1957 316 2035 regis
336 1955 445 2033 Golgos
465 1977 597 2034 quaeque
617 1957 748 2016 Idalium
768 1958 948 2030 frondosum,

80 2055 224 2126 Qualibus
243 2054 391 2112 incensam
407 2054 542 2130 jactastis
558 2060 657 2112 mente
673 2056 803 2131 puellam
831 2130 838 2141 ,

77 2153 239 2224 Fluctibus,
263 2151 295 2209 in
317 2149 395 2209 flavo
416 2170 501 2227 saepe
523 2151 639 2228 hospite
661 2153 867 2228 suspirantem.

78 2250 212 2321 Quantos
233 2249 285 2306 illa
306 2248 379 2306 tulit
402 2247 555 2323 languenti
579 2250 663 2308 corde
685 2249 813 2322 timores,
920 2249 976 2307 100

78 2348 196 2418 Quanto
217 2365 302 2422 saepe
322 2345 416 2422 magis
436 2345 550 2422 fulgore
571 2346 716 2423 expalluit
735 2347 809 2419 auri,

76 2445 153 2503 (lum
173 2463 293 2502 saevum
315 2441 435 2517 cupiens
456 2447 557 2499 contra
580 2442 754 2506 contendere
775 2449 940 2501 monstrum

75 2541 141 2600 Aut
164 2546 289 2597 mortem
311 2543 461 2614 oppeteret
481 2537 610 2596 Theseus
632 2544 685 2596 aut
706 2539 837 2615 praemia
857 2539 960 2598 laudis.

76 2640 147 2697 Non
166 2638 284 2714 ingrata
304 2642 405 2693 tamen
425 2634 537 2693 frustra
557 2637 731 2694 munuscula
751 2636 829 2696 divis

75 2735 257 2794 Promittens
277 2733 368 2791 tacito
389 2732 540 2791 succendit
560 2739 631 2790 vota
652 2733 765 2792 labello.
918 2734 974 2793 105

74 2832 155 2890 Nem
175 2829 259 2888 velut
278 2829 311 2887 in
331 2848 446 2886 summo
467 2829 650 2905 quatientem
668 2827 804 2886 bracchia
823 2827 920 2884 Tauro

73 2930 230 3001 Quercum‚
253 2932 306 2984 aut
326 2925 492 3000 conigeram
512 2924 633 2984 sudanti
652 2926 759 2984 cortice
779 2927 893 3002 pinum¹

71 3025 242 3086 Indomitos
262 3024 351 3081 turbo
373 3028 569 3098 contorquens
589 3022 708 3080 flamine
729 3023 828 3096 robur,

72 3123 255 3183 Fruit-ille
274 3121 376 3200 procul
397 3120 539 3178 radicitus
558 3121 716 3178 exturbata

70 3223 171 3282 Prona
186 3220 274 3293 cedit,
291 3219 409 3296 lateque
430 3216 521 3276 comis
539 3216 601 3275 obe
622 3217 720 3275 omnia
736 3217 974 3295 frangens-110

69 3320 119 3378 Sic
140 3317 253 3378 domito
275 3335 395 3375 saevum
417 3314 581 3392 prostravit
604 3334 722 3392 corpore
744 3314 873 3374 Theseus
