2350 3822
190 296 227 356 38
522 294 751 355 OATULLUS.

188 476 378 555 Nequiquam
399 476 485 534 vanis
503 475 666 553 jactantem
688 495 797 534 cornua
818 472 923 533 ventis

189 576 263 634 Inde
284 572 389 652 pedem
411 592 509 650 sospes
530 572 626 630 multa
647 592 714 632 eum
737 572 824 630 laude
845 569 963 630 reflexit

189 671 363 730 Errabunda
384 689 487 747 regens
508 669 592 728 tenui
613 669 817 746 vestigie'filO,

190 767 236 828 Ne
256 767 451 844 labyrintheis
471 787 487 824 e
507 765 634 824 flexibus
654 760 851 843 egredientem
1032 765 1089 824 115

190 865 272 926 Tecti
292 857 485 924 frustraretur
504 864 728 924 inobservabilis
749 885 836 923 error.

231 963 288 1022 Sed
308 962 380 1040 quid
401 981 461 1038 ego,
484 982 502 1020 e
522 963 617 1038 primo
637 961 784 1038 digressus
804 961 933 1021 carmine
953 963 1041 1040 plura

192 1062 430 1132 Commemorem,
453 1065 488 1117 ut
507 1059 644 1135 linquens
663 1058 804 1136 genitoris
824 1059 886 1118 filia
905 1061 1032 1133 vultum,

138 1205 145 1218 .
192 1160 239 1218 Ut
259 1157 490 1234 consanguineae
509 1157 701 1234 complexum,
724 1161 759 1215 ut
778 1157 903 1235 denique
923 1158 1035 1227 matris

194 1256 275 1327 Quae
295 1254 401 1314 misere
421 1253 454 1310 in
474 1260 545 1312 nata
566 1255 717 1331 deperdita
737 1253 907 1326 laetabatur,
1034 1255 1092 1315 120

195 1353 338 1412 Omnibus
357 1352 405 1409 his
425 1350 529 1408 mosei
550 1349 664 1408 dulcem
684 1351 865 1427 praeoptarit
884 1371 1022 1424 amorem,

193 1451 260 1508 Aut
279 1456 314 1508 ut
335 1455 420 1506 vecte
439 1445 513 1506 ratis
534 1465 672 1524 spumosa
692 1447 731 1504 ad
750 1447 839 1506 litora
860 1447 935 1506 Diae

201 1546 319 1618 Venerit,
341 1551 395 1604 aut
414 1551 449 1602 ut
469 1563 535 1602 eam
556 1542 722 1602 devinctam
743 1543 857 1602 lumina
876 1564 977 1604 somno

195 1643 331 1721 Liquerit
350 1641 516 1700 immemori
536 1641 687 1698 discedens
706 1646 824 1717 pectore
844 1643 960 1718 conjuro

197 1741 288 1816 Saepe
308 1739 390 1796 illam
411 1737 568 1814 perhibent
588 1737 705 1795 ardenti
726 1738 812 1796 corde
832 1737 981 1798 furentem
1037 1741 1094 1800 125

198 1837 363 1896 Clarisonas
383 1835 444 1892 imo
464 1834 574 1893 fudisse
595 1854 612 1892 e
632 1841 748 1910 pectore
769 1854 862 1908 voces,

197 1936 329 1993 Actum
348 1938 521 2009 praeruptos
543 1931 661 1990 tristem
681 1934 872 1992 conscendere
892 1939 1007 1992 montes

198 2032 287 2090 Unde
308 2029 400 2088 aciem
419 2029 452 2087 in
472 2028 569 2105 pelagi
588 2035 688 2088 vastos
709 2031 897 2106 protenderet
916 2038 1025 2104 aestus,

197 2127 275 2187 Tum
294 2125 417 2185 tremuli
437 2126 507 2185 salis
527 2127 665 2184 adversas
686 2146 856 2202 procurrere
877 2126 911 2185 in
930 2129 1027 2187 undas

198 2224 304 2284 Mollia
323 2225 452 2282 nudatae
472 2225 626 2282 tollentem
646 2223 777 2300 tegmina
797 2244 889 2299 surae,
1040 2226 1099 2285 130

197 2322 298 2398 Atque
318 2321 389 2379 haec
409 2321 550 2379 extremis
569 2326 711 2378 maestam
731 2320 842 2379 dixisse
861 2322 1007 2398 querellis,

199 2419 366 2495 Frigidulos
386 2418 613 2493 udosingultus
634 2437 684 2474 ore
705 2418 839 2478 cientem.

241 2512 356 2571 ‘Sicine
376 2533 423 2570 me
443 2514 547 2590 patriis
568 2521 708 2585 avectam,
731 2515 849 2590 perfide,
871 2515 908 2571 ab
928 2513 997 2589 eris,

199 2610 323 2682 Perfide,
345 2611 460 2668 deserto
480 2611 595 2687 liquisti
614 2611 648 2668 in
667 2611 763 2683 litore,
787 2612 920 2669 Theseul

113 2773 115 2776 ¹
200 2708 296 2774 Sicine
317 2707 465 2766 discedens
486 2709 618 2796 neglecto
638 2709 760 2766 numine
781 2709 885 2766 divum
1044 2710 1100 2768 135

199 2799 358 2858 Immemor
377 2819 396 2856 a
416 2800 523 2858 devota
544 2801 664 2859 domum
685 2801 816 2878 perjuria
835 2805 956 2880 portasi

199 2895 330 2956 Nullane
349 2916 396 2955 res
416 2898 515 2974 potuit
536 2899 663 2957 crudelis
683 2899 800 2958 flectere
821 2901 929 2960 mentis

200 2993 385 3052 Consilium?
404 2995 462 3052 tibi
482 2989 566 3052 nulla
585 2994 645 3053 fuit
666 2996 822 3054 clementia
842 3005 966 3074 praesto,

200 3091 321 3150 Immite
341 3097 376 3148 ut
396 3092 491 3149 nostri
512 3092 602 3150 vellet
623 3092 808 3153 miserescere
829 3097 952 3172 pectusl

185 3185 245 3246 ‘At
264 3208 325 3247 non
345 3189 416 3246 haec
436 3190 583 3265 quondam
604 3190 689 3248 nobis
709 3191 852 3266 promissa
872 3192 980 3252 dedisti
1041 3193 1101 3253 140

201 3284 291 3356 Voce,
316 3285 391 3342 mihi
411 3305 471 3350 non
492 3285 564 3344 haec
584 3287 707 3344 miserae
728 3307 844 3362 sperare
863 3289 998 3362 jubebas,
