2350 3822
420 340 648 403 OATULLUS.

483 685 591 740 XLIV.

173 797 198 856 Ο
220 797 311 855 funde
330 803 430 856 noster
448 817 500 856 seu
521 797 628 856 Sabine
649 817 700 855 seu
720 799 867 855 Tiburs—

172 895 251 952 Nam
264 900 294 952 te
308 914 370 953 esse
383 894 537 953 Tiburtem
555 902 714 953 autumant
733 895 840 971 quibus
860 914 921 951 non
942 901 987 950 eat

172 991 260 1050 Cordi
288 990 440 1050 Catullum
460 991 582 1064 laedere,
604 998 637 1050 at
657 991 764 1068 quibus
784 991 865 1049 condi
885 996 938 1062 est,

61 1099 65 1105 '
172 1088 284 1160 Quouis
304 1088 446 1148 Sabinum
467 1089 588 1166 pignore
609 1107 671 1146 esse
691 1085 913 1146 centendunt-—

171 1184 229 1244 Sed
249 1204 301 1244 seu
321 1185 428 1243 Sabine
449 1185 511 1243 sive
532 1185 631 1243 verius
651 1185 765 1258 Tiburs,
966 1185 983 1240 5

171 1281 229 1340 Fui
248 1282 375 1340 libenter
393 1282 427 1339 in
446 1289 500 1339 tua
520 1283 689 1340 suburbana

169 1379 261 1451 Villa,
282 1379 448 1455 malamque
468 1384 584 1455 pectore
605 1379 708 1455 expuli
729 1379 844 1453 tussim,

171 1475 242 1533 Non
261 1475 430 1533 immerenti
449 1495 538 1553 quam
558 1475 633 1533 mihi
652 1494 735 1533 meus
754 1483 865 1548 venter,

170 1571 251 1629 Dum
271 1578 456 1648 sumptuosas
477 1579 591 1649 appeto,
613 1572 702 1645 dedit,
726 1589 818 1631 eenaa

124 1691 126 1696 ’
170 1665 246 1727 Nam
270 1667 420 1728 Sestianus
441 1669 512 1726 dum
532 1669 599 1726 volo
619 1688 681 1726 esse
701 1669 833 1742 conviva,
947 1671 983 1728 10

171 1763 342 1824 Orationem
363 1766 395 1822 in
414 1765 541 1824 Antium
564 1767 720 1842 petitorem
824 1809 827 1822 ⁴

171 1859 295 1920 Plenam
314 1861 422 1919 veneni
442 1869 472 1920 et
492 1863 676 1939 pestilentiae
694 1862 760 1940 legi.

170 1958 231 2017 Hie
248 1977 294 2015 me
312 1959 439 2035 gravedo
457 1959 565 2034 frigida
583 1966 613 2017 et
631 1960 767 2036 frequens
787 1961 876 2020 tussis
921 1961 923 1965 ⁴

171 2055 330 2126 Quassavit
356 2057 537 2132 usquedum
556 2056 590 2113 in
609 2062 694 2113 tuum
712 2057 809 2115 sinum
829 2059 900 2135 fugi,

171 2153 211 2210 Et
229 2172 276 2210 me
297 2152 432 2210 recuravi
452 2151 570 2230 otioque
589 2159 620 2210 et
642 2153 741 2212 urtica.
947 2156 981 2212 15

170 2248 269 2319 Quare
287 2249 413 2307 resectus
434 2249 577 2307 maximas
597 2249 653 2307 tibi
673 2257 770 2327 grates

169 2347 245 2421 Ago,
268 2364 366 2402 meum
387 2346 466 2422 quod
486 2365 546 2404 non
568 2365 598 2403 es
619 2345 683 2403 ulta
704 2353 862 2423 peecatum.

170 2442 234 2500 Nee
254 2442 392 2518 deprecor
405 2443 478 2519 jam,
501 2442 526 2500 si
545 2442 658 2500 nefaria
677 2444 785 2520 scripta

171 2538 248 2598 Sesti
264 2557 389 2615 recepm,
409 2541 481 2616 quin
498 2540 686 2616 gravedinem
706 2547 737 2601 et
758 2541 863 2600 tussim

169 2630 241 2689 Non
259 2630 309 2703 mi,
329 2632 379 2690 sed
398 2631 455 2710 ipsi
473 2632 568 2691 Sestio
588 2633 665 2691 ferat
685 2635 786 2710 frigus,
946 2637 984 2694 20

170 2725 230 2801 Qui
248 2733 314 2784 tum
332 2734 418 2787 vocat
434 2748 480 2786 me
498 2748 566 2787 cum
585 2731 696 2788 mulum
714 2731 823 2790 librum
843 2732 907 2810 legi.
