2350 3822
439 286 667 346 GATULLUS

191 465 290 526 Pauca
309 465 448 524 nuntiate
468 485 550 524 meae
570 465 685 543 puellae

430 561 503 620 Non
523 563 600 620 bona
619 561 719 621 dicta:

191 657 254 715 Nec
274 675 373 714 meum
393 663 545 732 respectet,
567 661 602 712 ut
625 663 703 729 ante,
725 674 862 728 amorem,

192 753 251 824 Qui
273 752 355 810 illius
378 752 464 828 culpa
487 752 593 809 cecidit
613 752 697 809 velut
720 751 801 828 prati

191 849 303 908 Ultimi
322 847 384 922 llos,
405 853 610 927 praetereunte
630 854 785 924 postquam

430 943 538 1002 Tactus
561 950 660 1003 aratro
683 949 736 1002 est

519 1223 591 1280 XII.

190 1345 360 1408 Marrucine
380 1347 481 1419 Asini,
503 1366 595 1405 manu
615 1347 737 1407 sinistra
830 1423 831 1426 Ἴ

121 1476 125 1483 -
191 1445 262 1503 Non
281 1445 357 1502 belle
376 1445 470 1502 uteris
490 1445 524 1502 in
539 1445 608 1521 joco
629 1451 718 1521 atque
738 1444 832 1506 vino:

191 1542 283 1600 'Pollis
302 1542 394 1599 lintea
405 1540 662 1617 neglegentiorum.

193 1638 260 1696 Hoc
280 1637 389 1696 salsum
409 1657 471 1695 esse
492 1637 597 1713 putasl
625 1637 716 1715 Fugit
736 1643 774 1712 te,
795 1638 915 1717 inepte:

193 1733 335 1806 Quamvis
355 1733 472 1820 sordida
491 1753 538 1792 res
558 1740 589 1793 et
607 1734 765 1793 invenusta
785 1741 838 1794 est.
987 1736 1005 1792 5

193 1831 263 1888 Non
283 1830 377 1890 credis
396 1831 490 1888 mihil
544 1830 636 1888 Crede
657 1830 786 1890 Pollioni

193 1927 299 2000 Fratri,
321 1927 373 2004 qui
393 1933 446 1985 tua
465 1927 546 1984 furta
566 1928 613 1984 vel
633 1927 746 1988 talento

194 2020 309 2077 Mutari
328 2020 419 2078 velit:
447 2026 492 2078 est
512 2020 592 2078 enim
612 2020 745 2096 leporum

194 2116 330 2175 Disertus
351 2137 424 2194 puer
444 2137 477 2174 ae
497 2115 675 2176 facetiarum.

195 2214 292 2285 Quare
312 2221 366 2272 aut
387 2214 645 2289 hendecasyllabos
668 2220 813 2274 trecentos

195 2310 334 2387 Expecta,
356 2315 410 2367 aut
430 2310 505 2367 mihi
524 2309 650 2368 linteum
670 2311 797 2383 remitte,

195 2408 281 2479 Quod
300 2427 347 2466 me
366 2427 428 2466 non
447 2413 547 2467 movet
567 2407 778 2479 aestimatione,
823 2428 829 2434 ’

193 2505 308 2562 Verum
326 2510 373 2563 est
392 2523 615 2580 mnemosynum
635 2505 694 2562 mei
713 2505 826 2566 sodalis

194 2601 274 2660 Nam
297 2602 415 2660 sudaria
437 2601 563 2660 Saetaba
580 2621 618 2660 ex
642 2601 761 2671 Hibera
793 2588 845 2652 l)

194 2700 344 2757 Miserunt
363 2699 437 2756 mihi
457 2699 573 2756 muneri
592 2698 733 2757 Fabullus

193 2793 234 2850 Et
254 2791 419 2849 Veranius:
449 2790 519 2850 haec
540 2807 635 2846 amem
659 2807 774 2846 necesse
798 2792 843 2845 est

104 2885 154 2979 μὴ
187 2887 235 2948 «Et
258 2887 451 2946 'Veraniolum
475 2906 573 2944 meum
597 2892 627 2941 et
649 2885 814 2942 Fabullum.
