2350 3822
512 309 740 372 OATULLUS.

260 487 390 544 Euntem
409 492 534 559 revocet,
557 505 720 564 manusque
740 489 814 548 colle
1157 557 1158 576 ἶ

259 582 374 641 Ambae
394 581 531 658 injiciens
549 589 632 660 roget
653 586 768 659 morari,
1039 591 1076 649 10

260 681 343 752 Quae
363 699 450 752 nunc,
473 679 499 736 si
519 680 594 738 mihi
614 700 685 740 vera
705 683 880 742 nuntiantur

259 777 351 835 Illum
371 776 485 852 depcrit
505 777 666 854 impotente
686 799 791 839 amore.

258 875 339 932 Nam
359 893 418 951 quo
439 880 571 950 tempore
591 875 665 951 legit
684 876 852 936 incohatam

258 971 582 1053 Dindymi'dominam,
604 991 643 1030 ex
662 991 696 1032 eo
716 974 848 1034 misellae

258 1069 346 1145 Ignes
366 1067 537 1126 interiorem
557 1068 650 1128 edunt
669 1072 835 1132 medullam.

258 1166 381 1242 Ignosco
401 1165 465 1238 tibi,
485 1164 630 1242 Sapphica
649 1169 748 1244 puella

257 1263 347 1320 Musa
367 1261 501 1322 doctior:
529 1269 575 1321 est
593 1265 673 1322 enim
692 1272 817 1324 venuste

257 1361 370 1438 Magna
390 1358 516 1418 Caecilio
536 1359 674 1420 incohata
693 1369 796 1424 mater.

550 1541 695 1599 XXXVL

257 1663 392 1722 Annales
412 1663 530 1736 Volusi,
553 1671 653 1723 cacata
673 1670 762 1738 carta,

255 1761 372 1820 Votum
391 1761 497 1820 solvite
518 1781 572 1838 pre
593 1781 659 1820 mea
677 1763 784 1839 puella.

256 1858 335 1916 Nam
357 1865 474 1916 sanctae
490 1858 603 1916 Veneri
622 1859 818 1936 Cupidinique

257 1955 357 2026 Vovit,
381 1954 407 2014 si
427 1955 483 2013 sihi
503 1956 661 2014 restitutus
681 1977 773 2015 essem

255 2048 462 2128 Desissemque
482 2056 580 2112 truces
602 2055 720 2112 vibrare
738 2053 859 2124 iambos,

256 2146 440 2207 Electissima
460 2151 580 2226 pessimi
599 2157 703 2228 poetae

257 2243 372 2322 Scripta
392 2247 538 2324 tardipedi
560 2248 614 2306 deo
635 2250 771 2307 daturam

256 2341 429 2401 infelicibus
448 2345 609 2404 ustulando
628 2345 739 2423 lignis,

256 2439 298 2496 Et
317 2438 372 2497 hoc
391 2441 519 2516 pessima
538 2460 570 2500 se
589 2444 690 2520 puella
710 2443 806 2502 vidit.

253 2535 359 2596 Jocose
377 2537 474 2614 lepide
493 2559 601 2597 vovere
621 2540 704 2599 divis.

254 2632 344 2691 Nunc
364 2652 382 2692 ο
402 2635 533 2693 caeruleo
553 2642 652 2694 creata
670 2643 769 2714 ponto,

255 2729 337 2801 Quae
358 2737 492 2789 sanctum
513 2732 642 2790 Idalium
661 2734 810 2810 Uriosque
831 2740 954 2811 apertos,

254 2828 394 2903 Quaeque
412 2828 538 2888 Ancona
558 2830 743 2906 Cnidumque
763 2829 970 2890 arundinosam

255 2922 342 2996 Colis,
362 2942 494 3001 quaeque
513 2925 711 3000 Amathunta,
733 2947 866 3004 quaeque
888 2927 1006 3005 Golgos„

254 3019 394 3097 Quaeque
413 3020 613 3081 Durrachium
633 3023 745 3082 Adriae
766 3025 927 3096 tabernam,
1035 3029 1073 3085 15

253 3117 417 3194 Acceptum
437 3118 499 3178 face
517 3121 723 3198 redditumque
744 3127 857 3195 votum,

254 3213 287 3272 Si
306 3233 366 3273 non
385 3215 539 3294 illepidum
556 3237 652 3294 neque
671 3218 861 3275 invenustum
882 3223 936 3276 esu

140 3327 151 3360 a
253 3311 299 3368 At
319 3330 371 3370 vos
388 3312 502 3372 interea
521 3314 622 3372 venito
641 3315 675 3372 in
694 3314 802 3391 ignem,
