2350 3822
358 366 362 374 ,
423 298 652 360 curemus

167 477 294 540 Venisti
339 479 364 537 Ο
384 479 460 537 mihi
476 479 577 537 nuntii
597 477 684 540 beati
969 483 986 539 5

166 577 271 636 Visam
296 581 326 634 te
347 577 524 635 incolumem
550 577 726 660 audiamque
751 577 900 635 Hiberum

167 674 349 732 Narrantem
371 674 443 744 loca,
472 673 557 746 facta,
582 673 725 747 nationes,

167 771 215 830 Ut
239 790 302 829 mos
327 776 372 828 111
396 777 466 829 tuus
478 791 487 844 3
520 771 727 847 applicansque
748 772 856 830 collum

166 870 340 929 Jucundum
360 889 392 929 os
413 870 568 946 oculosque
588 869 730 928 saviabor.

168 967 194 1025 Ο
215 973 360 1043 quantum
381 973 424 1024 est
445 967 598 1024 hominum
619 967 790 1039 beatiorum,
950 969 986 1026 10

168 1063 247 1134 Quid
267 1083 314 1121 me
335 1065 441 1122 laetius
462 1069 507 1122 est
530 1064 693 1122 beatiusvet

517 1345 557 1398 X.

166 1467 265 1525 Varus
284 1485 331 1524 me
351 1485 434 1523 meus
455 1465 492 1522 ad
512 1484 581 1522 suos
600 1485 713 1524 amores

165 1564 274 1621 Visum
292 1565 419 1621 duxerat
442 1581 459 1620 1
480 1562 544 1620 foro
567 1563 702 1637 otiosum,

166 1659 345 1732 Scoitillum,
370 1666 406 1717 ut
426 1660 501 1717 mihi
525 1666 589 1718 tum
613 1667 732 1737 repente
757 1661 854 1720 visum
878 1669 930 1734 111,

166 1756 238 1815 Non
255 1773 324 1815 sane
348 1757 502 1833 illepidum
525 1775 619 1832 neque
642 1757 841 1817 invenustum

167 1855 237 1912 Huc
260 1860 296 1912 ut
319 1854 463 1926 venimus,
485 1854 614 1912 incidere
637 1855 722 1912 nobis
968 1859 984 1913 5

166 1949 321 2010 Sermones
344 1951 428 2023 varii,
454 1951 486 2008 in
510 1952 624 2027 quibus,
648 1952 719 2027 quid
743 1957 819 2010 esset

166 2049 238 2108 Jam
259 2049 411 2124 Bithynia,
434 2049 579 2124 quomodo
602 2068 633 2106 11
656 2049 784 2122 haberet,

167 2147 209 2204 Et
233 2166 361 2222 quonam
384 2145 458 2202 mihi
481 2145 639 2222 profuisset
661 2153 748 2203 aere'

167 2243 327 2320 Respondi,
348 2242 380 2300 id
400 2243 478 2319 quod
501 2249 571 2314 erat,
593 2241 668 2299 nihil
693 2262 746 2300 nec
770 2242 842 2319 ipsis

168 2339 232 2397 Nec
255 2339 438 2416 praetoribus
463 2357 524 2396 1111
547 2358 601 2396 nec
625 2339 748 2396 cohorti.
949 2341 986 2397 10

168 2436 230 2494 Our
254 2437 410 2512 quisquam
430 2443 519 2512 caput
539 2435 657 2493 unctius
681 2433 820 2493 referrett

172 2530 237 2588 ‘At
259 2536 337 2587 certe
360 2529 477 2601 tamen‚'
502 2529 651 2604 inquiunt,
678 2531 775 2606 ‘quod
799 2531 860 2589 illic

170 2627 285 2685 Natum
309 2626 418 2684 dicitur
441 2644 511 2697 esse,
537 2627 712 2701 comparasti
949 2627 984 2684 15

171 2723 222 2781 Ad
241 2723 375 2780 lecticam
396 2722 547 2780 homines.²
602 2723 674 2799 Ego
700 2729 735 2781 ut
758 2724 872 2801 puellae

170 2821 277 2880 Unum
300 2839 347 2877 me
369 2821 492 2878 facerem
516 2819 684 2892 beatiorem,

172 2916 279 2989 ‘Non‚'
302 2917 433 2992 inquam,
461 2917 552 2973 ‘mihi
574 2923 637 2974 tam
660 2918 719 2975 fuit
741 2919 877 2996 maligne,

171 3017 227 3088 Ut,
252 3001 403 3092 provincia
426 3014 504 3090 quod
527 3013 606 3072 mala
626 3015 784 3088 incidisset,
848 3029 851 3038 '

171 3113 242 3171 Non
262 3131 375 3188 possem
400 3117 464 3169 octo
488 3111 622 3169 homines
645 3132 749 3189 parare
772 3118 884 3174 rectos!
949 3118 987 3176 20

170 3210 218 3268 At
240 3209 283 3266 mi
305 3209 406 3266 nullus
430 3214 494 3266 erat
517 3227 612 3284 neque
636 3209 684 3268 hic
707 3230 802 3287 neque
824 3212 886 3270 illic
