2350 3822
424 311 653 371 OATULLUS.

175 494 270 566 Quem
294 500 330 554 tu
354 493 465 552 scilicet
489 494 527 552 ad
549 499 636 552 tuum
661 493 811 552 Catullum

151 623 152 626 ¹
174 592 269 666 Missi,
291 592 432 652 continue
452 581 488 648 ut
507 591 555 648 die
575 591 693 667 periret,

174 680 389 763 Saturnalibus,
412 689 524 766 optimo
545 688 667 746 dierum.
959 692 993 748 15

174 787 254 860 Non,
276 805 336 845 non
357 786 412 844 hoc
433 785 498 858 tibi,
523 785 606 858 salse,
628 785 670 843 sie
690 785 802 845 abibit:

174 884 263 957 Nam,
286 884 312 942 si
332 883 452 954 luxerit,
474 883 513 940 ad
533 881 721 940 librariorum

174 980 298 1038 Curram
319 980 427 1038 scrinia
436 999 446 1052 ,·
474 979 599 1052 ansios,
620 979 766 1055 Aquinus,

174 1076 335 1151 Suffenum,
358 1077 458 1134 omnia
477 1076 613 1152 colligam
633 1096 755 1148 venene,

174 1175 221 1233 Ac
242 1181 273 1232 te
293 1175 340 1232 his
361 1173 513 1250 suppliciis
534 1175 749 1232 remunerabor.
957 1176 994 1232 20

173 1271 238 1330 Vos
258 1271 328 1329 hine
348 1270 463 1328 interea
484 1269 605 1348 (valete)
627 1270 707 1328 abite

174 1367 253 1426 Illuc
273 1368 352 1426 unde
372 1367 484 1424 malum
505 1367 608 1443 pedem
629 1366 781 1439 attulistis,

175 1465 269 1524 Saecli
289 1460 480 1538 incommoda,
503 1464 622 1541 pessimi
642 1470 751 1540 poetae.

492 1644 592 1699 XVII.

93 1764 272 1838 OOolonia,
298 1785 374 1842 quae
398 1766 480 1842 cupis
505 1772 595 1842 ponte
620 1765 720 1823 ludere
743 1784 858 1842 magno,

92 1864 135 1922 Et
158 1864 244 1922 salire
268 1870 406 1940 paratum
420 1863 519 1938 habes,
547 1864 598 1922 sed
622 1863 731 1921 vereris
753 1863 854 1940 inepta

93 1961 189 2021 Orura
212 1961 359 2037 ponticuli
383 1960 480 2018 exulis
505 1961 612 2018 stantis
626 1959 672 2017 in
697 1959 848 2032 redivivis,

93 2057 143 2116 Ne
164 2058 288 2134 supinus
312 2063 362 2115 eat
380 2076 509 2133 cavaque
530 2057 562 2114 in
585 2056 691 2133 palude
719 2055 878 2129 recumbat,

93 2155 143 2214 Sic
170 2155 345 2232 tibihbonus
368 2174 406 2212 cx
429 2160 482 2212 tua
507 2173 581 2230 pons
605 2153 728 2212 libidine
751 2155 812 2226 fiat,
975 2157 992 2212 5

93 2252 133 2310 In
158 2272 217 2328 quo
239 2241 288 2310 vel
312 2251 485 2309 Salisubsali
509 2271 590 2308 sacru
615 2251 832 2327 suscipiantur:

92 2347 207 2407 Munus
230 2349 285 2408 hoc
308 2349 382 2406 milri
406 2348 530 2406 maximi
557 2349 601 2420 da,
629 2347 760 2418 Colonia,
785 2348 868 2406 risus.
978 2425 981 2430 .

24 2439 27 2443 ’
93 2445 256 2515 Quemdam
279 2446 457 2522 municipem
485 2464 582 2502 meum
611 2445 647 2502 de
674 2451 727 2502 tuo
751 2445 819 2502 volo
846 2449 936 2521 ponte

93 2544 144 2600 Ire
167 2543 357 2620 praecipitem
380 2542 412 2599 in
436 2541 534 2599 lutum
554 2561 606 2619 per
626 2549 772 2618 caputque
799 2542 952 2618 pedesque,

93 2638 207 2699 Verum
230 2641 322 2698 totius
346 2646 381 2697 ut
404 2640 484 2698 lacus
507 2639 685 2716 putidaeque
708 2639 825 2715 paludis
958 2638 993 2695 10

93 2736 285 2794 Lividissima
307 2737 492 2812 maximeque
517 2742 562 2793 est
585 2735 732 2812 profunda
755 2755 872 2812 vorago.

94 2833 313 2892 Insulsissimus
337 2839 382 2892 est
408 2834 503 2904 homo,
530 2853 583 2890 nee
607 2833 685 2909 sapit
700 2817 796 2909 ¹pueri
820 2833 915 2891 instar

94 2931 209 2988 Bimuli
232 2931 359 2988 tremula
380 2930 473 3007 patris
497 2930 670 2988 dormientis
694 2930 727 2986 in
742 2930 813 2987 ulna
824 2951 833 3004 ;

94 3027 152 3087 Oui
175 3048 243 3086 cum
267 3029 307 3086 sit
330 3028 510 3086 viridissimo
533 3034 627 3103 nupta
650 3028 721 3085 flore
743 3027 851 3104 puella,

96 3125 149 3204 (Et
170 3126 269 3202 puella
293 3124 434 3184 tenellulo
459 3125 610 3182 delicatior
633 3124 725 3197 haedo,
957 3125 992 3183 15

94 3222 287 3281 Asservanda
315 3221 482 3298 nigerrimis
506 3221 678 3298 diligentius
700 3221 779 3300 uvis)
849 3233 850 3236 ’

94 3319 211 3378 Ludere
235 3319 310 3377 hanc
334 3319 407 3377 sinit
430 3325 465 3376 ut
488 3319 569 3392 libet,
598 3339 652 3377 nec
679 3319 734 3395 pili
755 3319 827 3376 facit
849 3318 910 3392 uni,
