2350 3822
451 333 452 342 ¹
517 313 745 374 OATULLUs

264 495 345 554 Soles
365 494 494 553 occidere
518 500 549 552 et
571 494 667 552 redire
687 499 830 571 possunt:

263 591 367 663 Nobis,
389 611 456 650 cum
480 590 570 649 semel
591 591 698 649 occidit
721 591 819 649 brevis
842 591 904 662 lux,
1063 589 1081 647 5

263 689 335 748 Nox
356 695 401 748 est
424 695 566 765 perpetua
590 708 649 745 una
673 688 850 748 dormienda

265 783 313 841 Da
335 783 379 839 mi
402 781 484 839 basia
508 780 597 853 mille,
622 781 726 838 deinde
750 787 878 853 centum,

264 879 344 937 Dein
365 878 446 937 mille
470 879 572 950 altera,
597 878 666 935 dein
688 878 815 936 secunda
837 884 964 950 centum,

265 976 380 1035 Deinde
399 994 493 1052 usque
511 976 605 1033 altera
625 975 714 1047 mille,
736 975 841 1034 deinde
862 981 987 1033 centum

265 1075 352 1147 Dein,
373 1092 441 1131 cum
460 1071 544 1129 milia
564 1071 659 1129 multa
678 1071 840 1145 fecerimus,
1045 1069 1084 1128 10

266 1170 513 1230 Conturbabimus
533 1169 593 1241 illa,
615 1169 806 1241 nesciamus,
902 1206 904 1215 ·

264 1267 331 1325 Aut
350 1287 387 1325 ne
408 1267 474 1343 quis
494 1265 589 1323 malus
609 1265 743 1323 invidere
762 1265 864 1342 possit,

266 1364 342 1424 Cum
361 1370 480 1422 tantum
499 1362 575 1421 sciet
594 1380 656 1420 esse
676 1362 831 1420 basiorum.

598 1549 667 1603 VII.

268 1671 399 1746 Quaeris,
421 1677 495 1749 quot
512 1669 587 1727 mihi
605 1670 783 1729 basiationes

265 1769 352 1842 Tuae,
374 1768 489 1839 Lesbia,
511 1767 573 1824 sint
592 1766 664 1825 satis
684 1786 835 1844 superque.

266 1866 362 1935 Quam
386 1883 510 1940 magnus
533 1883 674 1921 numerus
696 1864 836 1940 Libyssae
859 1862 984 1919 harenae

265 1960 486 2038 Lasemiciferis
505 1961 585 2037 jacet
607 1961 737 2036 Cyrenis,

266 2058 405 2116 Oraclum
426 2057 448 2116 J
450 2057 513 2116 ovis
534 2057 614 2115 inter
636 2057 763 2116 aestuosi

265 2155 307 2212 Et
328 2153 412 2212 Batti
429 2154 538 2212 veteris
557 2173 672 2212 sacrum
689 2155 872 2231 sepulcrum3

265 2251 332 2309 Aut
352 2271 442 2329 quam
460 2251 555 2308 sidera
574 2250 676 2322 multa,
696 2271 768 2308 cum
784 2258 862 2309 tacet
881 2271 950 2325 nox,

266 2348 406 2407 Furtivos
426 2347 579 2405 hominum
600 2347 704 2404 vident
724 2367 855 2410 amores:

265 2445 339 2503 Tam
357 2451 388 2502 te
411 2444 493 2502 basia
510 2444 606 2502 multa
623 2444 736 2504 basiare

265 2543 385 2600 Vesano
402 2541 474 2599 satis
497 2547 528 2600 et
547 2561 635 2618 super
656 2541 772 2601 Oatullo
792 2547 845 2617 est,
1049 2539 1087 2604 10

268 2641 350 2712 Quae
371 2657 426 2697 nec
449 2658 657 2716 pernumerare
682 2640 790 2698 curiosi

266 2736 394 2811 Possint,
419 2755 473 2795 nec
494 2737 571 2794 mala
595 2737 738 2795 fascinare
761 2737 872 2813 lingua.

608 2907 661 2962 IX.

269 3027 389 3100 Verani,
413 3026 548 3085 omnibus
568 3045 585 3084 e
605 3027 679 3083 meis
703 3025 802 3084 amicis

267 3125 428 3184 Antistans
448 3122 523 3180 mihi
541 3122 661 3180 milibus
681 3123 828 3196 trecentis,

266 3221 423 3282 Venistine
447 3220 565 3278 domum
588 3219 626 3277 ad
647 3225 715 3278 tuos
737 3219 864 3278 Penates

182 3301 189 3316 ⁷
268 3320 443 3396 Fratresque
467 3316 622 3375 unanimos
644 3336 792 3394 anumque
815 3316 960 3377 matremi
